1571 2476
115 214 165 242 20
416 199 492 237 DE
522 197 720 236 RERVM
748 194 979 234 NATVRA

115 305 252 344 Mollia
271 316 376 354 quae
397 303 515 347 fiunt,
538 313 618 347 aer,
640 312 762 351 aqua,
784 303 907 344 terra,
929 310 1117 348 uapores,

114 367 203 417 Quo
224 369 346 416 pacto
366 365 482 409 fiant,
503 367 545 402 et
566 374 649 413 qua
668 362 711 400 ui
730 372 919 412 quaeque
939 363 1148 410 gerantur,

113 427 360 466 Admixtum
379 425 577 476 quoniam
595 423 720 462 semel
739 426 802 461 est
820 422 864 460 in
884 422 1006 459 rebus
1026 421 1160 459 inane.

112 490 168 527 At
188 491 344 533 contra,
364 487 398 525 si
418 486 557 525 mollia
575 485 659 523 sint
679 483 904 535 primordia
924 494 1073 528 rerum,
1287 495 1354 527 570

112 550 229 588 Vnde
250 552 404 599 queant
424 547 551 586 ualidi
570 547 701 584 silices
721 546 958 595 ferrumque
978 543 1119 589 creari,

112 611 205 649 Non
227 610 378 661 poterit
398 610 503 647 ratio
524 608 657 653 reddi;
679 620 778 646 nam
797 606 988 645 funditus
1008 605 1142 643 omnis

113 671 317 722 Principio
336 670 598 709 fundamenti
618 673 770 707 natura
788 668 958 707 carebit.

113 733 217 772 Sunt
237 733 362 783 igitur
381 732 511 770 solida
531 731 731 782 pollentia
749 729 1030 780 simplicitate,

113 795 297 845 Quorum
317 794 522 832 condenso
542 792 672 843 magis
692 791 833 830 omnia
852 790 1074 830 conciliatu
1287 804 1353 835 575

111 856 249 894 Artari
269 859 442 906 possunt
462 855 704 905 ualidasque
724 853 939 892 ostendere
960 852 1070 890 uiris.

19 918 87 968 (iii)
112 918 250 963 Porro,
271 917 304 954 si
324 917 477 955 nullast
497 915 733 966 frangendis
753 914 917 953 reddita
936 914 1029 952 finis

112 978 371 1029 Corporibus,
393 982 534 1016 tamen
554 990 605 1015 ex
625 980 794 1016 aeterno
814 980 1001 1026 tempore
1022 987 1213 1026 quaeque

111 1040 232 1078 Nunc
252 1040 379 1077 etiam
398 1051 591 1089 superare
610 1041 814 1077 necessest
835 1049 1008 1088 corpora
1027 1037 1162 1082 rebus,

112 1101 226 1152 Quae
245 1101 432 1139 nondum
451 1101 616 1138 clueant
637 1101 719 1138 ullo
740 1103 951 1150 temptata
970 1099 1140 1149 periclo:
1287 1104 1354 1142 580

114 1164 170 1202 At
190 1163 386 1213 quoniam
406 1162 539 1213 fragili
558 1166 709 1201 natura
729 1161 918 1212 praedita
938 1164 1146 1207 constant,

112 1224 328 1275 Discrepat
349 1227 564 1263 aeternum
585 1228 749 1274 tempus
769 1223 953 1274 potuisse
973 1235 1152 1269 manere,

113 1285 487 1324 Innumerabilibus
507 1285 638 1336 plagis
658 1289 812 1324 uexata
832 1297 904 1335 per
923 1297 1083 1323 aeuom.

19 1347 89 1397 (iv)
112 1347 313 1398 Denique,
334 1346 417 1386 iam
438 1347 634 1398 quoniam
655 1346 882 1397 generatim
903 1346 1066 1385 reddita
1086 1345 1178 1384 finis

112 1408 327 1447 Crescendi
346 1409 467 1447 rebus
487 1412 653 1447 constat
673 1408 889 1458 uitamque
910 1408 1091 1454 tenendi,
1287 1413 1352 1452 585

112 1470 168 1509 Et
188 1470 288 1520 quid
308 1482 497 1520 quaeque
516 1474 673 1520 queant
693 1482 765 1520 per
785 1470 951 1508 foedera
970 1469 1149 1515 naturai,

113 1531 223 1582 Quid
237 1543 359 1582 porro
372 1536 596 1582 nequeant,
611 1531 818 1570 sancitum
832 1531 1173 1582 quandoquidem
1188 1535 1341 1577 exstat,

111 1593 196 1631 Nec
217 1597 499 1632 commutatur
518 1593 898 1644 quicquam—quin
919 1593 1058 1631 omnia
1078 1597 1274 1631 constant
1339 1616 1341 1618 v

113 1655 251 1705 Vsque
270 1655 386 1700 adeo,
409 1654 547 1693 uariae
567 1655 752 1693 uolucres
773 1659 821 1694 ut
840 1655 882 1694 in
902 1655 1045 1693 ordine
1065 1659 1240 1693 cunctae

112 1716 347 1755 Ostendant
367 1716 549 1754 maculas
569 1716 768 1767 generalis
788 1729 956 1767 corpore
976 1716 1120 1763 inesse,
1287 1730 1354 1761 590

116 1777 385 1816 Immutabili'
407 1777 604 1816 materiae
624 1791 790 1829 quoque
810 1791 958 1828 corpus
977 1778 1129 1817 habere

116 1838 280 1877 Debent
300 1838 505 1878 nimirum.
551 1839 660 1878 Nam
680 1839 714 1878 si
734 1839 959 1891 primordia
979 1852 1114 1879 rerum

117 1899 371 1938 Commutari
391 1900 530 1951 aliqua
549 1905 718 1951 possent
737 1901 897 1940 ratione
917 1902 1087 1948 reuicta,

117 1961 325 1999 Incertum
346 1974 510 2012 quoque
529 1962 612 2001 iam
633 1966 807 2010 constet,
829 1963 932 2014 quid
950 1963 1081 2014 possit
1101 1963 1209 2010 oriri,

118 2022 227 2072 Quid
246 2027 437 2073 nequeat,
459 2023 577 2062 finita
596 2029 783 2075 potestas
803 2025 980 2076 denique
1000 2025 1148 2076 cuique
1288 2039 1354 2070 595

118 2084 307 2133 Quanam
328 2084 381 2123 sit
401 2085 559 2124 ratione
579 2090 707 2136 atque
726 2087 810 2125 alte
830 2086 1031 2126 terminus
1050 2087 1241 2132 haerens;

118 2144 204 2183 Nec
224 2145 346 2184 toties
365 2146 524 2196 possint
543 2147 770 2197 generatim
791 2149 925 2187 saecla
944 2149 1092 2187 referre

118 2205 335 2253 Naturam,
356 2219 502 2254 mores,
524 2208 696 2256 uictum,
717 2214 940 2260 motusque
959 2214 1195 2261 parentum.

208 2296 269 2326 591
292 2287 526 2319 Immutabili’
546 2289 760 2327 Lachmann,
780 2290 1032 2323 Immutabiles
1049 2291 1120 2332 OQ.
