1571 2476
521 172 697 213 LIBER
724 173 934 214 PRIMVS
1328 188 1352 229 7

105 274 262 326 Quodsi
282 275 334 314 de
354 275 438 314 nilo
458 275 617 322 fierent,
638 276 778 315 subito
799 281 1066 317 exorerentur
1290 287 1353 316 180

105 336 270 376 Incerto
289 337 428 387 spatio
448 341 576 387 atque
597 337 740 376 alienis
760 340 950 390 partibus
970 340 1080 385 anni,

105 397 267 449 Quippe
288 398 359 436 ubi
379 398 494 437 nulla
513 398 648 438 forent
670 400 907 450 primordia,
930 413 1035 450 quae
1055 401 1223 451 genitali

105 460 286 498 Concilio
306 464 475 510 possent
496 461 624 499 arceri
645 465 830 511 tempore
850 462 1005 512 iniquo.

6 521 78 573 (iii)
101 521 199 567 Nec,
222 533 357 572 porro,
379 522 578 572 augendis
599 523 720 561 rebus
740 523 876 573 spatio
898 523 1004 562 foret
1024 535 1135 569 usus,

105 583 279 622 Seminis
300 583 354 621 ad
373 583 544 629 coitum,
566 583 600 622 si
619 595 642 622 e
661 584 744 622 nilo
764 597 942 623 crescere
963 588 1143 635 possent.
1291 593 1352 630 185

104 644 214 684 Nam
234 644 379 683 fierent
398 645 569 683 iuuenes
588 646 728 684 subito
749 658 799 684 ex
819 646 1042 684 infantibu'
1065 646 1215 696 paruis,

104 706 140 745 E
160 710 353 757 terraque
373 711 519 745 exorta
539 711 708 757 repente
729 708 901 746 arbusta
920 708 1101 746 salirent.

105 767 291 819 Quorum
311 767 368 807 nil
389 767 475 806 fieri
495 768 765 807 manifestum
785 773 860 815 est,
882 769 1022 808 omnia
1041 769 1209 820 quando

106 830 317 869 Paulatim
337 833 540 875 crescunt,
563 834 610 868 ut
631 842 707 881 par
726 834 801 876 est,
823 834 993 881 tempore
1012 834 1109 869 certo

104 892 182 930 Res
198 890 390 943 quoniam
409 895 585 930 crescunt
604 904 738 930 omnes
758 891 804 930 de
823 893 977 931 semine
997 896 1124 939 certo,

105 953 424 1004 Crescentesque
444 965 573 1003 genus
592 957 781 999 seruant;
803 957 850 991 ut
871 966 1037 992 noscere
1057 953 1200 1004 possis,
1289 967 1353 996 190

104 1015 290 1066 Quicque
309 1027 386 1053 sua
405 1014 456 1054 de
476 1015 652 1053 materia
671 1015 937 1065 grandescere
959 1015 1106 1065 alique.

8 1078 79 1128 (iv)
103 1077 198 1116 Huc
218 1076 393 1122 accedit,
415 1076 478 1114 uti
498 1076 585 1114 sine
605 1077 727 1114 certis
747 1077 949 1115 imbribus
971 1076 1068 1115 anni

105 1137 324 1177 Laetificos
344 1142 525 1188 nequeat
547 1137 656 1176 fetus
676 1138 923 1176 submittere
944 1139 1077 1183 tellus,

104 1200 191 1239 Nec
211 1211 346 1251 porro,
367 1203 527 1238 secreta
546 1200 651 1245 cibo,
674 1203 826 1238 natura
846 1200 1111 1238 animantum

105 1262 339 1313 Propagare
359 1273 487 1312 genus
508 1261 639 1312 possit
659 1261 875 1311 uitamque
896 1261 1021 1306 tueri;
1290 1274 1352 1304 195

103 1323 162 1363 Vt
182 1324 321 1375 potius
342 1323 485 1362 multis
505 1323 744 1362 communia
763 1335 935 1373 corpora
956 1323 1076 1361 rebus

105 1386 238 1425 Multa
258 1389 380 1436 putes
400 1397 500 1430 esse,
522 1384 726 1423 ut'uerbis
746 1385 951 1422 elementa
971 1384 1171 1428 uidemus,

105 1447 241 1498 Quam
260 1447 347 1486 sine
368 1446 578 1498 principiis
599 1446 727 1484 ullam
747 1458 833 1484 rem
853 1446 1026 1483 existere
1047 1457 1176 1495 posse.

24 1511 79 1561 (v)
103 1509 306 1560 Denique,
328 1521 401 1547 cur
419 1508 608 1546 homines
629 1511 771 1546 tantos
792 1512 944 1545 natura
964 1519 1107 1557 parare

105 1571 199 1610 Non
218 1570 372 1622 potuit,
391 1570 567 1621 pedibus
585 1569 655 1620 qui
674 1573 851 1619 pontum
870 1581 942 1619 per
959 1568 1069 1606 uada
1086 1571 1254 1618 possent
1286 1581 1352 1601 200

105 1633 310 1680 Transire,
330 1636 372 1671 et
393 1644 565 1682 magnos
586 1631 778 1670 manibus
799 1631 990 1668 diuellere
1012 1630 1177 1674 montis,

106 1695 322 1745 Multaque
343 1694 524 1733 uiuendo
544 1693 690 1731 uitalia
710 1692 872 1730 uincere
893 1692 1039 1736 saecla,

106 1756 147 1796 Si
167 1768 264 1802 non,
286 1755 480 1794 materies
500 1754 598 1805 quia
618 1754 740 1792 rebus
761 1753 925 1792 reddita
944 1756 1057 1791 certa
1076 1755 1137 1790 est

110 1817 350 1868 Gignundis,
372 1830 392 1855 e
414 1829 498 1867 qua
517 1819 683 1854 constat
705 1815 806 1866 quid
826 1814 956 1865 possit
976 1813 1093 1852 oriri?

105 1880 174 1919 Nil
194 1880 320 1930 igitur
340 1878 426 1916 fieri
446 1878 497 1916 de
518 1877 601 1916 nilo
622 1889 740 1928 posse
761 1876 1035 1921 fatendumst,
1287 1887 1353 1917 205

106 1941 269 1981 Semine
290 1940 459 1992 quando
479 1951 584 1990 opus
604 1943 666 1976 est
687 1939 822 1982 rebus,
845 1950 927 1988 quo
948 1948 1137 1987 quaeque
1157 1938 1320 1974 creatae

105 2003 222 2042 Aeris
241 2002 284 2041 in
305 2006 468 2041 teneras
488 2001 648 2051 possint
670 1999 885 2050 proferrier
906 2010 1039 2036 auras.

9 2065 81 2116 (vi)
105 2065 335 2109 Postremo,
357 2063 557 2114 quoniam
576 2062 743 2100 incultis
764 2066 974 2111 praestare
996 2059 1185 2098 uidemus

207 2156 270 2193 189
290 2156 453 2186 lacunam
473 2154 646 2184 indicauit
666 2156 695 2182 et
719 2162 852 2182 uersum
876 2151 1053 2192 suppleuit
1073 2150 1217 2180 Munro.

203 2211 269 2243 207
287 2203 428 2243 possint
444 2201 638 2236 Fontanus,
659 2204 805 2240 possent
824 2198 894 2238 OQ.
