1571 2476
182 198 232 228 22
519 187 597 226 DE
626 185 826 225 RERVM
855 184 1088 224 NATVRA

182 294 258 332 Illa
277 306 442 345 quoque
463 305 549 331 esse
569 291 645 331 tibi
665 291 796 330 solida
816 294 944 340 atque
964 293 1134 328 aeterna
1153 288 1384 328 fatendum.

83 355 154 406 (tii)
177 355 379 406 Denique,
401 354 434 393 si
453 353 646 392 minimas
665 352 708 391 in
727 351 858 403 partis
879 354 1031 389 cuncta
1051 349 1200 389 resolui

182 416 333 468 Cogere
352 419 589 455 consuesset
610 424 745 453 rerum
766 417 918 451 natura
938 411 1129 458 creatrix,

182 478 272 517 Iam
292 477 351 517 nil
370 490 421 516 ex
440 477 518 515 illis
538 476 683 515 eadem
704 486 893 525 reparare
914 474 1083 519 ualeret,
1360 479 1428 518 630

181 540 406 590 Propterea
425 538 537 590 quia,
559 550 665 589 quae
685 536 808 575 nullis
828 539 927 574 sunt
946 534 1137 586 partibus
1157 539 1295 582 aucta,

181 601 276 641 Non
295 604 471 652 possunt
491 612 539 638 ea
558 611 665 650 quae
685 598 810 637 debet
829 596 1020 648 genitalis
1039 596 1192 635 habere

182 661 566 702 Materies—uanos
586 672 780 706 conexus,
802 659 999 711 pondera,
1021 659 1177 710 plagas,

180 724 425 771 Concursus,
446 727 598 768 motus,
618 733 692 774 per
711 733 819 772 quae
838 733 901 759 res
922 732 1112 771 quaeque
1131 724 1342 770 geruntur.

233 848 509 900 Quapropter,
530 846 602 897 qui
620 845 837 884 materiem
856 856 993 883 rerum
1013 856 1099 882 esse
1118 847 1324 894 putarunt
1360 850 1426 888 635

181 910 338 962 Ignem,
359 913 488 961 atque
507 921 559 947 ex
577 907 662 958 igni
682 918 890 946 summam
910 905 1134 944 consistere
1153 905 1252 951 solo,

180 972 331 1023 Magno
351 983 473 1023 opere
492 982 517 1009 a
537 982 636 1009 uera
655 968 759 1019 lapsi
780 967 941 1007 ratione
960 967 1168 1007 uidentur.

180 1032 417 1072 Heraclitus
435 1031 515 1071 init
533 1043 711 1083 quorum
733 1031 819 1069 dux
839 1028 995 1081 proelia
1014 1028 1185 1080 primus,

180 1095 322 1134 Clarus
341 1095 395 1134 ob
415 1095 635 1134 obscuram
655 1092 840 1144 linguam
859 1091 991 1142 magis
1010 1091 1120 1130 inter
1138 1090 1272 1129 inanis

179 1157 368 1208 Quamde
388 1155 525 1208 grauis
544 1155 654 1194 inter
673 1154 832 1200 Graios,
853 1153 925 1204 qui
945 1165 1045 1192 uera
1064 1153 1292 1204 requirunt.
1360 1159 1427 1198 640

179 1218 331 1258 Omnia
350 1218 459 1257 enim
480 1217 620 1257 stolidi
640 1216 771 1268 magis
791 1215 1054 1254 admirantur
1073 1220 1314 1265 amantque,

180 1280 359 1320 Inuersis
379 1292 487 1332 quae
506 1279 584 1319 sub
605 1278 742 1318 uerbis
761 1277 977 1317 latitantia
996 1281 1184 1322 cernunt,

178 1342 369 1393 Veraque
388 1341 652 1381 constituunt
673 1352 780 1391 quae
799 1339 904 1378 belle
925 1343 1094 1389 tangere
1113 1342 1290 1389 possunt

177 1403 313 1451 Auris,
334 1407 377 1443 et
396 1403 533 1454 lepido
554 1415 662 1454 quae
681 1405 780 1441 sunt
800 1401 944 1440 fucata
963 1413 1121 1440 sonore.

228 1527 352 1574 Nam,
372 1540 445 1566 cur
462 1531 551 1566 tam
570 1525 709 1565 uariae
728 1538 791 1564 res
808 1524 970 1576 possint
988 1537 1075 1563 esse
1093 1523 1270 1575 requiro,
1360 1529 1426 1569 645

178 1589 244 1628 Ex
263 1601 346 1628 uno
366 1588 400 1628 si
419 1592 518 1627 sunt
537 1587 621 1639 igni
641 1599 829 1639 puroque
850 1590 1025 1626 creatae.

114 1651 155 1702 (i)
177 1651 247 1690 Nil
265 1651 480 1702 prodesset
500 1650 609 1689 enim
630 1649 811 1688 calidum
832 1648 1039 1688 denserier
1057 1647 1194 1699 ignem

177 1713 264 1752 Nec
283 1711 474 1758 rarefieri,
496 1711 529 1750 si
549 1715 689 1763 partes
708 1710 813 1762 ignis
833 1711 1008 1749 eandem

177 1774 398 1821 Naturam,
419 1787 547 1825 quam
568 1777 683 1812 totus
703 1773 831 1811 habet
851 1784 975 1823 super
994 1771 1111 1822 ignis,
1134 1771 1348 1810 haberent.

177 1836 321 1875 Acrior
340 1836 463 1875 ardor
482 1835 591 1874 enirn
612 1833 828 1874 conductis
848 1834 1040 1885 partibus
1060 1837 1180 1879 esset,
1360 1839 1427 1877 650

178 1897 431 1948 Languidior
449 1910 571 1948 porro
592 1895 773 1936 disiectis
793 1895 939 1946 disque
959 1895 1116 1946 sipatiS.

177 1959 368 2010 Amplius
386 1960 465 1998 hoc
485 1959 571 1998 fieri
592 1958 649 1997 nil
669 1963 732 1997 est
752 1958 865 2008 quod
886 1969 1004 2008 posse
1026 1956 1150 1995 rearis

177 2021 347 2060 Talibus
366 2021 409 2060 in
429 2020 575 2067 causis,
598 2020 751 2059 nedum
774 2019 981 2058 uariantia
1002 2031 1137 2057 rerum

177 2082 315 2122 Tanta
334 2087 462 2134 queat
482 2082 619 2121 densis
639 2082 823 2132 rarisque
844 2093 894 2120 ex
914 2080 1078 2132 ignibus
1099 2092 1197 2120 esse.

178 2143 229 2184 Id
248 2157 427 2196 quoque,
449 2142 483 2183 si
502 2144 661 2183 faciant
680 2143 917 2182 admixtum
939 2143 1061 2181 rebus
1080 2141 1216 2188 inane,
1360 2147 1426 2186 655

408 2232 473 2271 645
493 2230 633 2272 possint
650 2230 695 2261 M
697 2239 796 2267 κῆνο,
815 2231 964 2271 possent
981 2228 1052 2269 OQ.
