1571 2476
129 173 154 203 2
466 161 544 199 DE
574 160 773 199 RERVM
803 158 1035 198 NATVRA

129 265 241 317 Quos
259 278 335 317 ego
353 265 406 305 de
424 276 561 304 rerum
581 267 733 302 natura
752 274 931 314 pangere
951 273 1078 301 conor
1331 275 1348 298 2
1354 276 1373 306 5

127 327 402 367 Memmiadae
420 329 575 371 nostro,
597 337 722 376 quem
742 328 803 369 tu,
824 324 915 370 dea,
937 327 1124 374 tempore
1143 322 1186 363 in
1206 323 1319 362 omni

127 388 331 428 Omnibus
351 391 546 426 ornatum
566 385 735 425 uoluisti
755 386 951 424 excellere
971 385 1111 424 rebus:

126 450 217 500 Quo
236 450 368 500 magis
388 452 603 487 aeternum
623 447 678 486 da
697 447 831 493 dictis,
854 447 965 492 diua,
987 447 1182 498 leporem.

125 511 252 550 Effice
273 515 320 550 ut
340 511 499 549 interea
518 510 605 548 fera
624 521 818 548 moenera
837 508 1001 547 militiai

126 573 203 611 Per
221 573 353 612 maria
373 585 421 611 ac
440 575 570 610 terras
591 570 725 610 omnis
744 570 883 621 sopita
903 571 1134 621 quiescant.
1330 584 1373 614 30

123 634 233 674 Nam
253 638 301 672 tu
320 634 408 672 sola
427 636 546 684 potes
565 632 790 682 tranquilla
810 644 911 682 pace
931 632 1076 671 iuuare

126 696 324 741 Mortalis,
347 694 545 746 quoniam
564 694 660 733 belli
680 694 767 732 fera
787 706 981 732 moenera
1000 693 1167 731 Mauors

123 757 389 808 Armipotens
410 756 526 807 regit,
548 755 591 794 in
610 755 812 806 gremium
833 754 905 806 qui
924 766 1047 805 saepe
1067 758 1189 793 tuum
1209 766 1252 793 se

124 818 272 865 Reicit,
294 822 462 857 aeterno
483 817 673 856 deuictus
693 817 862 855 uulnere
883 816 1048 862 amoris,

122 880 262 930 Atque
280 880 342 918 ita
360 879 598 930 suspiciens,
621 878 743 916 tereti
763 878 921 917 ceruice
940 881 1121 929 reposta,
1328 891 1369 923 35

123 942 261 980 Pascit
281 953 420 980 amore
441 940 586 979 auidos
605 940 768 978 inhians
788 939 831 978 in
850 943 906 986 te,
927 939 1018 985 dea,
1040 939 1166 986 uisus,

122 1004 240 1054 Eque
259 1006 334 1041 tuo
353 1002 507 1054 pendet
527 1002 709 1053 resupini
728 1001 897 1052 spiritus
917 1013 999 1041 ore.

122 1065 246 1103 Hunc
265 1067 326 1110 tu,
347 1064 459 1110 diua,
481 1067 555 1102 tuo
575 1063 846 1102 recubantem
866 1075 1036 1114 corpore
1054 1065 1202 1103 sancto

121 1126 379 1165 Circumfusa
398 1137 534 1176 super,
554 1125 695 1163 suauis
715 1137 767 1163 ex
787 1137 855 1163 ore
875 1125 1076 1176 loquellas

121 1187 278 1234 Funde,
300 1190 446 1238 petens
466 1186 673 1238 placidam
695 1186 909 1232 Romanis,
930 1186 1103 1233 incluta,
1125 1198 1282 1237 pacem.
1323 1200 1368 1232 40

120 1249 229 1288 Nam
249 1261 383 1300 neque
403 1260 478 1287 nos
498 1261 617 1299 agere
636 1248 715 1287 hoc
735 1249 888 1299 patriai
908 1252 1095 1299 tempore
1114 1247 1258 1299 iniquo

121 1311 346 1351 Possumus
365 1322 498 1361 aequo
519 1310 671 1356 animo,
693 1322 768 1348 nec
789 1309 958 1349 Memmi
978 1311 1090 1348 clara
1108 1321 1293 1361 propago

119 1372 289 1411 Talibus
308 1372 352 1411 in
372 1372 494 1411 rebus
514 1371 725 1411 communi
745 1372 861 1410 desse
881 1372 1018 1411 saluti.

373 1434 394 1457 ³1⁸
506 1434 527 1457 ³1<
639 1434 660 1457 *
773 1434 794 1457 *
906 1434 927 1457 *
1039 1434 1060 1457 *

119 1495 240 1546 Quod
259 1498 460 1546 superest,
481 1506 636 1533 uacuas
657 1494 767 1534 auris
787 1495 1057 1546 animumque
1077 1507 1267 1546 sagacem
1321 1509 1364 1540 50

119 1557 335 1596 Semotum
356 1569 381 1595 a
399 1556 507 1595 curis
527 1556 678 1595 adhibe
698 1569 841 1595 ueram
862 1557 916 1596 ad
936 1557 1154 1602 rationem,

118 1619 181 1658 Ne
200 1631 294 1658 mea
313 1618 436 1664 dona,
458 1618 544 1657 tibi'
555 1618 695 1658 studio
715 1618 904 1669 disposta
924 1619 1047 1665 fideli,

119 1680 337 1719 Intellecta
356 1680 469 1731 prius
489 1679 617 1731 quam*
637 1680 735 1726 sint,
756 1684 1001 1731 contempta
1020 1680 1240 1731 relinquas.

117 1742 227 1781 Nam
247 1741 325 1780 tibi
344 1742 395 1780 de
415 1753 580 1780 summa
599 1741 701 1780 caeli
721 1742 881 1780 ratione
902 1742 1110 1793 deumque

117 1803 324 1842 Disserere
343 1803 552 1854 incipiam,
574 1806 617 1841 et
638 1816 773 1842 rerum
794 1805 1021 1855 primordia
1040 1804 1237 1855 pandam,
1318 1818 1362 1850 55

116 1865 236 1903 Vnde
255 1864 389 1903 omnis
409 1868 561 1903 natura
581 1868 690 1903 creet
712 1877 774 1903 res
794 1869 936 1905 auctet
958 1866 1140 1917 alatque,

117 1926 262 1977 Quoue
282 1926 426 1964 eadem
448 1939 611 1965 rursum
630 1930 783 1965 natura
803 1931 1021 1978 perempta
1039 1928 1241 1974 resoluat;

117 1987 232 2038 Quae
252 2000 327 2025 nos
347 1987 563 2026 materiem
584 1991 626 2026 et
646 1988 844 2038 genitalia
863 2001 1037 2040 corpora
1056 1989 1178 2028 rebus

117 2049 354 2088 Reddunda
373 2049 415 2087 in
436 2049 596 2087 ratione
616 2061 765 2088 uocare
785 2054 827 2088 et
847 2051 1007 2089 semina
1025 2063 1163 2090 rerum

162 2148 350 2181 44-49=11
369 2141 525 2180 646-651
569 2141 706 2171 seclusit
746 2141 942 2180 Pomanus,
984 2142 1149 2174 lacunam
1188 2143 1363 2175 indicauit

225 2187 440 2218 Lachmann.
