1571 2476
181 213 231 253 34
519 197 596 236 DE
626 195 826 234 RERVM
855 193 894 231 N
896 192 1086 231 ATVRA

184 306 275 345 Fiet
295 304 358 344 uti
377 315 584 353 nusquam
605 300 736 353 possit
756 299 979 339 consistere
999 297 1104 344 finis,

184 366 478 417 Effugiumque
499 364 620 413 fugae
640 362 821 413 prolatet
841 360 961 411 copia
980 370 1154 410 semper.

88 429 160 479 (iii)
184 430 414 472 Praeterea,
436 425 619 476 spatium
640 422 819 462 summai
839 421 970 461 totius
989 434 1112 460 omne

183 489 375 539 Vndique
395 487 428 526 si
448 487 652 525 inclusum
673 484 795 523 certis
815 483 1059 522 consisteret
1078 482 1160 521 oris
1364 486 1431 525 985

185 551 452 599 Finitumque
474 548 592 593 foret,
614 547 697 585 iam
718 545 838 596 copia
857 544 1047 584 materiai

185 612 376 662 Vndique
396 609 648 661 ponderibus
668 607 809 646 solidis
828 607 1040 646 confluxet
1060 606 1115 645 ad
1133 605 1278 652 imum,

185 674 271 712 Nec
291 685 354 711 res
373 672 457 710 ulla
476 670 560 721 geri
580 670 658 708 sub
678 669 780 708 caeli
800 668 981 719 tegmine
1001 671 1154 719 posset,

186 735 272 773 Nec
292 734 399 773 foret
418 732 587 771 omnino
607 731 767 770 caelum
788 743 923 781 neque
943 730 1102 768 lumina
1120 728 1230 775 solis,

187 797 349 847 Quippe
369 794 440 833 ubi
460 793 653 832 materies
673 792 807 831 omnis
827 792 1042 830 cumulata
1060 791 1227 837 iaceret,
1366 803 1435 833 990

186 859 252 896 Ex
271 856 435 896 infinito
454 855 537 894 iam
558 859 745 905 tempore
765 853 1030 893 subsidendo.

186 920 244 958 At
263 931 374 958 nunc
393 917 587 957 nimirum
609 916 770 967 requies
789 916 891 954 data
911 915 1207 966 principiorum

187 980 435 1032 Corporibus
454 979 622 1024 nullast,
644 978 743 1029 quia
762 977 820 1016 nil
840 981 903 1016 est
923 977 1114 1016 funditus
1133 976 1278 1022 imum,

189 1043 280 1093 Quo
300 1041 418 1092 quasi
439 1040 643 1079 confluere
663 1043 705 1078 et
725 1040 842 1078 sedes
862 1039 933 1078 ubi
953 1051 1106 1090 ponere
1125 1037 1298 1089 possint.

189 1105 358 1154 Semper
376 1102 419 1141 in
439 1102 613 1141 adsiduo
633 1105 753 1140 motu
773 1113 836 1140 res
856 1113 1046 1152 quaeque
1066 1104 1267 1151 geruntur
1369 1112 1435 1143 995

190 1165 384 1205 Partibus
404 1177 426 1203 e
446 1163 619 1209 cunctis,
640 1163 884 1214 infernaque
904 1162 1230 1213 suppeditantur

189 1228 254 1266 Ex
273 1226 437 1266 infinito
457 1225 541 1264 cita
561 1238 734 1276 corpora
752 1224 955 1264 materiai.

190 1289 267 1328 Est
286 1288 413 1339 igitur
431 1291 583 1326 natura
602 1287 681 1326 loci
700 1286 969 1338 spatiumque
988 1285 1198 1337 profundi,

191 1351 313 1402 Quod
331 1362 466 1400 neque
485 1349 596 1387 clara
615 1361 690 1388 suo
710 1361 946 1399 percurrere
965 1348 1142 1387 fulmina
1161 1360 1283 1386 cursu

192 1414 398 1463 Perpetuo
417 1410 578 1462 possint
598 1410 690 1449 aeui
710 1410 896 1449 labentia
916 1414 1068 1457 tractu,
1351 1422 1439 1444 1000

192 1474 278 1513 Nec
297 1485 487 1524 prorsum
508 1472 641 1511 facere
662 1476 709 1511 ut
729 1476 858 1511 restet
877 1472 1015 1511 minus
1033 1472 1092 1511 ire
1111 1471 1308 1510 meando:

191 1536 331 1586 Vsque
351 1535 455 1573 adeo
475 1533 629 1585 passim
649 1538 769 1585 patet
788 1534 932 1585 ingens
952 1533 1072 1585 copia
1091 1534 1226 1580 rebus,

193 1597 363 1636 Finibus
384 1595 588 1647 exemptis
607 1595 650 1634 in
670 1600 843 1635 cunctas
863 1596 1048 1647 undique
1068 1595 1210 1646 partis.

100 1659 170 1710 (iv)
194 1660 422 1704 Postremo,
444 1662 543 1696 ante
563 1658 703 1696 oculos
722 1670 786 1696 res
805 1670 891 1696 rem
912 1658 1029 1696 finire
1049 1658 1234 1696 uidetur:
1341 1657 1438 1707 [998]

192 1721 274 1760 Aer
293 1719 491 1770 dissaepit
511 1719 624 1758 collis
645 1723 773 1770 atque
793 1732 889 1758 aera
908 1724 1091 1765 montes;
1229 1733 1316 1764 1005
1341 1719 1437 1769 [900]

193 1782 318 1822 Terra
331 1794 444 1820 mare
456 1785 498 1820 et
509 1785 655 1820 contra
665 1794 778 1820 mare
791 1785 921 1820 terras
932 1781 1131 1820 terminat
1145 1781 1298 1827 omnis,
1318 1782 1437 1831 [1000]

194 1845 327 1884 Omne
347 1843 515 1894 quidem
536 1855 634 1882 uero
654 1842 711 1881 nil
731 1847 794 1882 est
814 1843 928 1894 quod
948 1843 1067 1883 finiat
1087 1848 1218 1882 extra.
1317 1843 1438 1894 [1001]

196 1906 293 1957 Ipsa
311 1906 483 1944 modum
503 1917 626 1956 porro
646 1904 723 1943 sibi
744 1917 880 1944 rerum
900 1918 1065 1944 summa
1085 1918 1231 1956 parare

195 1967 257 2006 Ne
277 1967 420 2018 possit,
442 1971 594 2005 natura
614 1970 743 2013 tenet,
765 1979 872 2018 quae
892 1980 1041 2018 corpus
1060 1967 1174 2006 inani

196 2029 252 2068 Et
272 2029 385 2079 quod
403 2028 526 2067 inane
546 2032 688 2067 autem
709 2032 772 2067 est
792 2028 899 2067 finiri
920 2041 1089 2080 corpore
1109 2028 1232 2080 cogit,
1356 2043 1443 2065 1010

196 2091 252 2129 Vt
272 2090 329 2129 sie
349 2089 518 2129 alternis
537 2089 702 2129 infinita
721 2090 862 2129 omnia
882 2091 1043 2138 reddat,

196 2153 282 2191 Aut
303 2152 429 2190 etiam
450 2152 712 2198 alterutrum,
733 2151 811 2190 nisi
832 2152 1028 2192 terminet
1048 2153 1226 2192 alterum
1247 2165 1403 2200 eorum,

245 2253 445 2284 1004—1007
479 2244 534 2274 hio
564 2244 684 2284 posuit
718 2243 898 2281 Giussam‘,
931 2247 1012 2286 post
1045 2254 1112 2285 997
1146 2245 1268 2276 habent
1302 2245 1441 2283 codices,

331 2293 409 2331 post
428 2291 493 2330 983
512 2289 632 2331 posuit
651 2291 695 2321 M
699 2300 796 2322 unro.
