1571 2476
615 198 790 238 LIBER
818 199 1026 239 PRIMVS
1389 211 1438 252 19

196 302 302 342 Sunt
324 302 384 340 ita
404 302 466 340 uti
486 302 621 348 docui,
642 302 727 341 sint
745 302 847 341 haec
868 306 1036 341 aeterna
1055 306 1271 343 necessest.

124 364 174 416 (b)
198 364 429 409 Praeterea,
451 363 528 401 nisi
549 363 742 402 materies
762 368 930 402 aeterna
950 363 1107 410 fuisset,
1375 378 1439 411 540

197 425 387 464 Antehac
408 424 461 463 ad
481 424 612 463 nilum
633 425 798 475 penitus
819 437 881 463 res
901 437 1089 476 quaeque
1109 426 1321 471 redissent,

198 487 260 525 De
281 487 446 536 niloque
468 490 614 524 renata
633 486 769 524 forent
790 498 1075 537 quaecumque
1096 487 1295 526 uidemus.

198 549 268 594 At,
290 547 489 598 quoniam
509 559 635 598 supra
655 548 776 586 docui
796 548 853 586 nil
873 560 991 598 posse
1011 548 1138 587 creari

199 610 261 648 De
281 609 378 655 nilo,
400 621 534 659 neque
555 608 668 659 quod
688 609 874 658 genitum
895 613 957 647 est
977 609 1030 648 ad
1050 609 1106 648 nil
1127 609 1321 655 reuocari,

200 671 301 710 Esse
320 670 532 709 inmortali
553 671 779 721 primordia
798 682 967 721 corpore
986 671 1153 716 debent,
1377 684 1442 715 545

201 732 381 771 Dissolui
402 744 485 784 quo
506 744 694 782 quaeque
715 744 907 782 supremo
928 735 1113 783 tempore
1134 732 1305 782 possint,

201 794 393 833 Materies
413 797 460 833 ut
480 794 721 843 suppeditet
742 794 863 831 rebus
883 793 1134 844 reparandis.

201 856 308 895 Sunt
327 855 454 906 igitur
472 855 605 893 solida
625 855 850 905 primordia
869 855 1148 905 simplicitate,

202 918 288 957 Nec
308 917 468 956 ratione
488 920 648 967 queunt
669 916 750 954 alia
769 920 936 955 seruata
956 929 1028 967 per
1046 928 1194 955 aeuom

203 980 268 1018 Ex
287 979 451 1017 infinito
472 978 556 1016 iam
576 982 762 1028 tempore
783 990 845 1017 res
865 990 1066 1028 reparare.
1380 991 1446 1023 55ο

139 1104 181 1154 (i)
257 1103 460 1153 Denique,
482 1101 515 1140 si
536 1102 694 1140 nullam
714 1101 838 1139 finem
860 1105 1010 1140 natura
1030 1103 1215 1152 parasset

204 1164 459 1214 Frangendis
480 1163 614 1209 rebus,
636 1163 720 1201 iam
740 1175 912 1213 corpora
932 1163 1121 1201 materiai

203 1226 342 1277 Vsque
364 1226 534 1264 redacta
554 1225 703 1270 forent,
726 1237 829 1262 aeuo
850 1225 1065 1275 frangente
1086 1224 1230 1274 priore,

203 1287 260 1327 Vt
280 1288 338 1326 nil
358 1300 410 1326 ex
429 1287 507 1325 illis
528 1299 554 1325 a
573 1290 686 1325 certo
706 1289 892 1336 tempore
913 1289 1051 1336 posset

203 1349 462 1400 Conceptum
478 1361 690 1387 summum
706 1348 857 1386 aetatis
873 1348 1097 1398 peruadere
1113 1347 1164 1385 ad
1179 1350 1351 1385 auctum.
1384 1360 1447 1390 555

204 1411 315 1450 Nam
335 1410 502 1462 quiduis
522 1410 644 1448 citius
664 1409 833 1448 dissolui
854 1421 972 1460 posse
992 1409 1181 1448 uidemus

205 1473 342 1524 Quam
362 1484 502 1511 rursus
523 1471 632 1510 refici
644 1483 651 1517 ;
674 1474 929 1522 quapropter
947 1471 1070 1521 longa
1089 1470 1175 1509 dies
1193 1473 1235 1508 et

206 1534 378 1574 Infinita
397 1538 514 1573 aetas
534 1534 718 1572 anteacti
738 1533 936 1583 temporis
957 1532 1090 1570 omnis

205 1597 327 1648 Quod
346 1596 534 1647 fregisset
555 1595 704 1640 adhuc,
726 1594 966 1633 disturbans
986 1593 1308 1643 dissoluensque,

205 1659 449 1710 Numquam
469 1658 621 1696 relicuo
642 1657 823 1707 reparari
843 1660 1028 1706 tempore
1049 1659 1199 1706 posset.
1384 1659 1449 1698 560

205 1721 262 1760 At
282 1733 393 1759 nunc
412 1720 610 1759 nimirum
630 1718 846 1768 frangendi
867 1717 1030 1756 reddita
1049 1716 1140 1755 finis

204 1782 327 1822 Certa
346 1784 502 1827 manet,
524 1780 723 1832 quoniam
744 1780 852 1818 refici
874 1792 959 1817 rem
979 1790 1189 1830 quamque
1209 1777 1410 1821 uidemus

204 1845 262 1884 Et
282 1844 402 1883 finita
420 1843 543 1882 simul
564 1842 792 1893 generatim
812 1844 1002 1891 tempora
1022 1840 1143 1878 rebus

205 1906 336 1952 Stare,
358 1905 510 1956 quibus
530 1904 690 1956 possint
711 1902 803 1941 aeui
823 1903 1060 1952 contingere
1080 1901 1234 1939 florem.

125 1969 181 2019 (ii)
205 1968 299 2006 Huc
320 1967 493 2012 accedit,
515 1966 591 2012 uti,
613 1964 860 2004 solidissima
879 1963 1068 2002 materiai
1384 1967 1449 2005 565

204 2029 387 2080 Corpora
405 2041 501 2067 cum
521 2030 730 2072 constant,
752 2026 911 2077 possint
932 2029 1075 2063 tamen
1094 2023 1235 2062 omnia
1254 2022 1381 2066 reddi,

345 2141 410 2172 542
429 2141 500 2173 que
521 2132 648 2162 renata
670 2129 873 2164 Lambinus,
899 2130 1076 2169 quaerant
1094 2125 1237 2156 aforent
1255 2124 1294 2156 Ο.

347 2187 412 2218 555
431 2179 477 2210 ad
496 2180 644 2209 auctum
664 2177 806 2211 Munro,
826 2175 907 2205 finis
925 2174 963 2211 Ο,
983 2174 1054 2204 fine
1071 2173 1110 2214 Q.

345 2234 411 2266 557
429 2225 505 2256 dies
522 2227 559 2256 et
576 2222 733 2263 Madvig,
753 2222 822 2253 diei
841 2221 911 2262 OQ.

1280 2293 1362 2315 2—2
