1571 2476
193 173 220 214 6
533 174 610 213 DE
640 175 839 213 RERVM
869 174 1100 215 NATVRA

191 277 361 316 Nullam
381 291 466 317 rem
487 291 508 316 e
528 278 611 316 nilo
631 278 741 328 gigni
762 279 964 317 diuinitus
984 292 1199 331 umquam.
1375 296 1439 327 150

192 338 355 389 Quippe
374 339 436 378 ita
455 339 633 378 formido
653 340 840 378 mortalis
860 341 1047 380 continet
1067 343 1214 389 omniS,

191 399 313 451 Quod
332 401 466 439 multa
484 400 527 439 in
547 401 666 439 terris
685 401 772 439 fieri
792 402 988 453 caeloque
1008 406 1194 451 tuentur,

192 461 378 511 Quorum
398 474 570 513 operum
590 475 736 501 causas
755 464 870 501 nulla
889 464 1050 503 ratione
1070 465 1210 504 uidere

191 522 385 569 Possunt,
407 535 455 562 ac
474 524 561 562 fieri
581 524 723 563 diuino
743 525 914 563 numine
934 530 1089 566 rentur.

192 583 304 635 Quas
323 585 377 624 ob
397 597 474 632 res,
495 585 566 624 ubi
587 586 812 624 uiderimus
832 587 890 625 nil
910 599 1029 638 posse
1049 589 1177 627 creari
1375 605 1437 635 155

190 645 254 684 De
273 646 370 692 nilo,
393 650 486 686 tum
507 647 619 698 quod
640 648 852 698 sequimur
871 648 955 688 iam
976 650 1128 688 rectius
1148 650 1243 689 inde

190 707 586 759 Perspiciemus—et
606 709 716 748 unde
737 714 864 760 queat
884 722 947 749 res
967 723 1157 762 quaeque
1177 713 1317 759 creari,

190 768 248 808 Et
267 781 351 820 quo
370 782 561 821 quaeque
580 771 705 809 modo
725 771 830 810 fiant
850 784 976 823 opera
994 773 1082 811 sine
1101 773 1257 813 diuom.

123 892 164 942 (i)
239 892 363 939 Nam,
384 892 418 931 si
438 893 489 932 de
508 893 593 932 nilo
613 894 772 941 fierent,
794 907 846 934 ex
865 896 1052 935 omnibu'
1074 897 1198 936 rebus

190 953 323 993 Omne
342 967 471 1005 genus
490 956 603 994 nasci
624 960 776 1006 posset,
797 957 855 995 nil
875 958 1030 996 semine
1050 963 1199 1009 egeret.
1374 969 1438 997 160

189 1015 226 1054 E
245 1028 358 1054 mare
378 1016 559 1067 primum
579 1017 780 1065 homines,
801 1031 823 1056 e
842 1023 954 1058 terra
973 1025 1113 1071 posset
1133 1022 1228 1060 oriri

189 1076 506 1128 Squamigerum
525 1091 666 1130 genus,
688 1083 730 1118 et
750 1081 937 1119 uolucres
958 1094 1171 1133 erumpere
1191 1085 1323 1131 caelo;

188 1138 391 1178 Armenta
411 1144 538 1191 atque
557 1141 662 1179 aliae
681 1143 873 1192 pecudes,
894 1155 1023 1193 genus
1043 1156 1165 1183 omne
1185 1145 1379 1193 ferarum,

189 1199 355 1239 Incerto
374 1205 512 1252 partu,
535 1203 649 1241 culta
668 1215 716 1242 ac
736 1204 900 1243 deserta
919 1209 1122 1245 tenerent.

188 1262 226 1301 N
229 1274 274 1301 ec
294 1262 454 1301 fructus
473 1263 585 1302 idem
605 1265 822 1304 arboribus
842 1270 1033 1305 constare
1052 1269 1244 1316 solerent,
1373 1278 1435 1315 105

188 1323 268 1362 Sed
288 1328 570 1364 mutarentur:
591 1326 696 1364 ferre
716 1339 859 1366 omnes
879 1329 1020 1367 omnia
1039 1335 1219 1380 possent.

188 1384 363 1436 Quippe,
385 1387 457 1425 ubi
476 1399 560 1426 non
580 1392 717 1427 essent
736 1389 934 1439 genitalia
953 1403 1127 1442 corpora
1146 1393 1307 1444 cuique,

188 1446 267 1497 Qui
287 1451 426 1498 posset
446 1453 581 1487 mater
600 1450 722 1488 rebus
742 1451 965 1490 consistere
984 1453 1120 1493 certa?

186 1509 243 1547 At
263 1521 386 1556 nunc,
406 1511 633 1549 seminibus
653 1511 752 1563 quia
771 1513 894 1552 certis
914 1526 1104 1566 quaeque
1125 1521 1330 1563 creantur,

188 1569 290 1609 Inde
309 1572 518 1610 enascitur
537 1576 665 1624 atque
685 1586 777 1612 oras
795 1574 838 1613 in
857 1575 1025 1615 luminis
1045 1577 1144 1624 exit,
1372 1594 1434 1626 170

187 1631 378 1671 Materies
397 1633 469 1672 ubi
487 1633 596 1673 inest
616 1635 815 1687 cuiusque
835 1640 877 1675 et
897 1649 1071 1689 corpora
1090 1639 1243 1690 prima;

186 1694 325 1744 Atque
343 1694 423 1734 hac
442 1707 484 1733 re
503 1701 717 1747 nequeunt
737 1710 789 1737 ex
808 1699 1003 1738 omnibus
1022 1701 1164 1740 omnia
1182 1702 1306 1753 gigni,

188 1754 309 1805 Quod
327 1757 449 1795 certis
468 1757 512 1796 in
531 1758 653 1797 rebus
673 1759 780 1798 inest
801 1765 960 1800 secreta
979 1761 1170 1802 facultas.

107 1816 163 1867 (ii)
186 1817 417 1864 Praeterea,
439 1831 512 1857 cur
530 1832 626 1858 uere
647 1832 796 1867 rosam,
819 1822 1031 1862 frumenta
1050 1825 1197 1872 calore,

185 1878 298 1917 Vuas
317 1883 522 1919 autumno
541 1881 660 1920 fundi
679 1884 882 1922 suadente
902 1885 1106 1933 uidemus,
1369 1903 1409 1935 17
1414 1904 1432 1934 5

185 1939 227 1978 Si
246 1952 343 1987 non,
364 1945 478 1980 certa
496 1954 571 1981 suo
591 1944 690 1994 quia
709 1948 896 1996 tempore
915 1948 1075 1986 semina
1094 1961 1231 1988 rerum

185 2001 289 2040 Cum
308 2003 610 2051 confluxerunt,
632 2006 780 2056 patefit
801 2008 1094 2061 quodcumque
1114 2015 1290 2058 creatur,

185 2062 298 2102 Dum
318 2067 590 2115 tempestates
611 2067 764 2106 adsunt
784 2072 826 2107 et
846 2069 991 2109 uiuida
1010 2071 1132 2110 tellus

185 2123 296 2164 Tuto
314 2137 377 2164 res
397 2130 560 2166 teneras
581 2128 699 2168 effert
718 2129 761 2168 in
781 2130 948 2170 luminis
967 2132 1083 2173 oras?

445 2216 508 2250 175
526 2209 624 2241 Vuas
641 2210 835 2250 Fontanus,
855 2213 955 2245 Vites
972 2213 1044 2255 OQ.
