1571 2476
587 174 762 214 LIBER
789 175 999 215 PRIMVS
1389 188 1411 225 3

165 277 384 330 Appellare
403 289 583 323 suemus,
606 283 647 316 et
666 279 769 317 haec
789 279 935 319 eadem
955 292 1152 330 usurpare
1368 286 1412 316 60

164 338 345 390 Corpora
366 339 512 390 prima,
535 339 645 390 quod
667 351 718 378 ex
738 341 816 378 illis
835 344 934 379 sunt
954 341 1094 379 omnia
1114 341 1267 391 primis.

219 462 418 502 Humana
437 466 533 501 ante
554 463 694 501 oculos
717 462 832 501 foede
852 475 948 502 cum
968 463 1058 502 uita
1076 463 1226 501 iaceret

166 523 216 563 In
237 525 368 572 terris,
390 536 586 575 oppressa
604 524 720 574 graui
741 525 818 562 sub
839 524 1045 574 religione,

165 585 280 636 Quae
300 590 428 637 caput
449 597 474 624 a
494 586 593 624 caeli
615 586 848 636 regionibus
869 586 1131 631 ostendebat,

166 647 363 686 Horribili
382 659 506 698 super
526 651 697 698 aspectu
718 647 964 686 mortalibus
983 647 1156 692 instans,
1369 654 1412 692 65

166 709 352 748 Primum
372 708 542 749 GRAIUs
563 719 687 747 HOMO
707 709 894 747 mortalis
915 709 1056 747 tollere
1076 712 1222 746 contra

166 770 240 809 Est
263 771 402 810 oculos
423 783 547 809 ausus
569 771 807 821 primusque
828 770 1026 808 obsistere
1047 774 1209 813 contra;

168 833 298 883 Quem
319 844 453 883 neque
474 832 587 870 fama
606 833 731 870 deum
752 844 826 870 nec
846 832 1021 870 fulmina
1040 844 1115 869 nec
1135 831 1345 869 minitanti

167 895 376 933 Murmure
396 894 639 943 compressit
660 893 833 939 caelum,
855 893 927 931 sed
947 905 994 931 eo
1014 892 1145 942 magis
1165 904 1298 929 acrem

168 956 319 994 Inritat
340 955 468 994 animi
488 955 702 1000 uirtutem,
724 954 938 1004 effringere
958 957 1006 992 ut
1026 957 1118 992 arta
1369 966 1413 998 70

166 1017 353 1056 Naturae
372 1017 531 1068 primus
551 1021 767 1067 portarurn
788 1017 969 1054 claustra
988 1015 1160 1066 cupiret.

166 1079 276 1130 Ergo
296 1078 441 1118 uiuida
459 1078 523 1117 uis
543 1078 670 1116 animi
691 1077 878 1128 peruicit,
900 1080 942 1115 et
962 1081 1082 1115 extra

167 1140 371 1180 Processit
390 1141 510 1190 longe
530 1140 792 1178 flammantia
813 1139 975 1177 moenia
995 1137 1152 1183 mundi,

167 1203 306 1254 Atque
325 1214 448 1242 omne
468 1202 717 1240 immensum
738 1200 974 1251 peragrauit
994 1204 1132 1238 mente
1154 1199 1392 1248 animoque2

168 1265 286 1304 Vnde
306 1264 431 1303 refert
451 1264 570 1302 nobis
590 1263 737 1305 uictor,
761 1263 859 1312 quid
880 1261 1010 1312 possit
1030 1261 1138 1305 oriri,
1370 1273 1411 1305 75

169 1326 278 1377 Quid
297 1328 492 1377 nequeat,
514 1325 634 1363 finita
654 1328 840 1375 potestas
860 1323 1037 1373 denique
1058 1322 1205 1371 cuique

169 1390 361 1439 Quanam
380 1387 434 1426 sit
455 1387 614 1425 ratione
636 1390 762 1436 atque
784 1386 866 1423 alte
886 1384 1086 1423 terminus
1106 1384 1288 1421 haerens.

169 1452 304 1500 Quare
325 1449 464 1500 religio
485 1448 660 1499 pedibus
679 1447 868 1485 subiecta
886 1446 1066 1484 uicissim

169 1512 398 1558 Obteritur,
419 1522 494 1549 nos
513 1513 721 1560 exaequat
742 1508 917 1547 uictoria
937 1508 1061 1547 eaelo.

226 1635 336 1675 Illud
354 1635 397 1674 in
416 1635 481 1673 his
501 1634 623 1672 rebus
643 1645 798 1677 uereor,
821 1644 870 1670 ne
891 1630 1000 1670 forte'
1018 1629 1142 1668 rearis
1371 1634 1414 1664 80

171 1698 307 1749 Impia
326 1701 368 1736 te
387 1696 560 1735 rationis
580 1695 681 1733 inire
702 1695 908 1732 elementa
926 1693 1120 1742 uiamque

171 1758 395 1810 Indugredi
414 1758 587 1797 sceleris.
629 1756 750 1807 Quod
769 1759 916 1793 contra
934 1753 1097 1804 saepius
1116 1752 1187 1790 illa

171 1821 330 1872 Religio
350 1820 510 1872 peperit
530 1818 730 1857 scelerosa
750 1821 877 1867 atque
896 1816 1026 1866 impia
1044 1814 1169 1852 facta.

170 1883 318 1923 Aulide
338 1894 421 1933 quo
442 1884 566 1933 pacto
586 1879 740 1919 Triuiai
761 1878 931 1928 uirginis
951 1888 1066 1915 aram

171 1943 431 1996 Iphianassai
451 1945 676 1993 turparunt
695 1940 894 1990 sanguine
915 1937 1034 1977 foede
1373 1939 1416 1978 85

170 2007 375 2046 Ductores
395 2005 591 2044 Danaum
611 2002 772 2048 delecti,
795 2001 929 2052 prima
947 1999 1144 2038 uirorum.

171 2069 245 2107 Cui
263 2067 387 2107 simul
406 2067 550 2111 infula,
572 2064 778 2114 uirgineos
797 2061 1056 2101 circumdata
1075 2061 1280 2109 comptus,

171 2130 237 2169 Ex
255 2134 433 2179 utraque
455 2128 543 2178 pari
564 2126 768 2165 malarum
789 2127 908 2175 parte
927 2122 1150 2173 profusast,

171 2192 229 2231 Et
246 2194 456 2231 maestum
474 2188 597 2228 simul
617 2191 714 2226 ante
735 2198 828 2224 aras
847 2185 1014 2224 adstare
1032 2184 1248 2235 parentem

1252 2269 1332 2291 1—2
