1571 2476
577 207 751 245 LIBER
780 208 989 247 PRIMVS
1352 222 1401 260 33

211 308 293 348 Sed
313 308 512 359 quoniam
533 309 655 348 docui
675 310 922 350 solidissima
941 312 1130 351 materiai

158 370 338 421 Corpora
358 374 560 420 perpetuo
580 371 755 410 uolitare
774 372 932 412 inuicta
951 385 1024 424 per
1042 386 1203 420 aeuom,

157 431 279 470 Nunc
299 444 387 482 age,
408 432 586 470 summai
607 433 812 483 quaedam
834 433 888 473 sit
907 433 999 474 finis
1020 447 1160 474 eorum

158 493 298 532 Necne
317 492 371 531 sit
391 493 653 539 euoluamus;
674 494 775 534 item
795 496 908 545 quod
927 495 1050 535 inane
1070 501 1319 547 repertumst

161 554 255 605 (Seu
269 555 382 593 locus
397 567 444 592 ac
459 554 656 605 spatium,
667 568 729 594 res
744 556 785 595 in
800 569 883 607 quo
898 570 1087 608 quaeque
1101 560 1309 608 gerantur)
1334 574 1399 604 955

159 615 454 655 Peruideamus
475 620 615 655 utrum
637 617 802 656 finitum
823 618 1011 657 funditus
1030 631 1152 657 omne

157 677 342 723 Constet,
365 690 419 716 an
438 677 686 717 immensum
707 683 852 729 pateat
873 684 1073 731 uasteque
1092 680 1357 731 profundum.

210 801 344 841 Omne
364 801 478 852 quod
498 805 560 840 est
580 801 706 852 igitur
724 802 838 841 nulla
858 803 1019 854 regione
1040 803 1201 842 uiarum

92 863 133 914 (i)
157 864 190 902 F
192 863 404 908 initumst;
425 876 606 914 namque
627 867 859 903 extremum
880 865 1060 904 debebat
1080 865 1249 904 habere:

157 926 404 964 Extremum
426 937 548 975 porro
568 925 719 964 nullius
739 938 857 976 posse
878 926 1044 965 uidetur
1333 935 1400 969 960

157 987 272 1034 Esse,
293 986 370 1026 nisi
391 987 501 1025 ultra
520 986 575 1025 sit
594 987 708 1037 quod
728 987 845 1026 finiat
857 999 865 1033 ;
887 991 934 1026 ut
955 987 1158 1033 uideatur,

157 1048 249 1099 Quo
269 1061 352 1088 non
373 1047 534 1099 longius
554 1048 656 1087 haec
674 1061 817 1087 sensus
837 1053 988 1088 natura
1007 1053 1216 1100 sequatur.

158 1110 279 1150 Nunc
299 1115 419 1149 extra
438 1123 645 1149 summam
666 1110 863 1161 quoniam
885 1110 941 1149 nil
961 1123 1046 1149 esse
1067 1111 1296 1157 fatendum,

158 1172 252 1211 Non
272 1172 400 1211 habet
421 1176 668 1218 extremum,
690 1176 804 1211 caret
823 1184 918 1223 ergo
939 1172 1019 1211 fine
1038 1172 1256 1223 modoque.

156 1233 243 1273 Nec
264 1234 400 1280 refert,
423 1233 574 1284 quibus
594 1233 772 1272 adsistas
792 1233 1025 1284 regionibus
1046 1233 1150 1279 eius:
1333 1241 1398 1279 965

157 1296 297 1347 Vsque
317 1296 434 1342 adeo,
456 1308 580 1346 quem
601 1294 776 1346 quisque
796 1295 932 1334 locum
952 1295 1147 1346 possedit,
1168 1295 1212 1335 in
1231 1295 1364 1334 omnis

156 1358 423 1397 Tantundem
443 1356 575 1408 partis
594 1356 803 1396 infinitum
825 1369 946 1396 omne
966 1356 1172 1408 relinquit.

77 1419 134 1470 (ii)
158 1420 389 1466 Praeterea,
410 1419 444 1458 si
463 1418 546 1458 iarn
568 1418 733 1458 finitum
754 1418 1035 1458 constituatur

157 1482 291 1522 Omne
310 1481 425 1533 quod
444 1485 506 1520 est
526 1480 723 1532 spatium,
745 1479 873 1531 siquis
892 1484 1108 1531 procurrat
1127 1480 1181 1519 ad
1200 1492 1292 1519 oras

159 1543 340 1583 Vltimus
360 1547 568 1582 extremas
588 1541 796 1593 iaciatque
817 1541 986 1581 uolatile
1006 1542 1147 1587 telum,
1332 1554 1400 1587 970

159 1605 209 1645 Id
229 1605 377 1645 ualidis
397 1609 538 1644 utrum
559 1608 798 1643 contortum
819 1603 976 1642 uiribus
994 1603 1052 1642 ire

158 1667 250 1719 Quo
270 1666 394 1706 fuerit
414 1666 586 1705 missum
607 1665 740 1704 mauis
759 1666 960 1716 longeque
981 1665 1132 1711 uolare,

156 1729 223 1769 An
243 1729 459 1781 prohibere
480 1727 637 1779 aliquid
657 1740 796 1766 censes
816 1728 1063 1778 obstareque
1082 1726 1223 1777 posse?

157 1791 419 1830 Alterutrum
440 1790 609 1829 fatearis
629 1789 738 1828 enim
758 1801 980 1839 sumasque
1000 1792 1214 1827 necessest.

157 1853 343 1904 Quorum
353 1856 578 1902 utrumque
588 1851 663 1890 tibi
673 1850 869 1901 effugium
879 1849 1122 1901 praecludit,
1132 1852 1174 1888 et
1183 1862 1303 1887 omne
1333 1863 1399 1893 975

157 1914 276 1964 Cogit
296 1918 344 1954 ut
363 1919 560 1964 exempta
580 1913 780 1951 concedas
801 1912 880 1950 fine
900 1916 1053 1962 patere.

159 1977 282 2022 Nam,
303 1976 390 2015 siue
410 1980 473 2015 est
493 1974 651 2025 aliquid
670 1974 784 2025 quod
803 1974 977 2024 probeat
997 1972 1232 2022 officiatque

158 2037 381 2089 Quominu¹
403 2050 487 2088 quo
506 2036 678 2075 missum
699 2039 761 2075 est
782 2035 923 2074 ueniat
943 2033 1096 2085 finique
1116 2034 1222 2072 locet
1241 2045 1296 2079 se,

158 2099 253 2140 Siue
273 2100 383 2139 foras
403 2099 546 2145 fertur,
567 2110 651 2137 non
672 2101 734 2137 est
753 2109 779 2135 a
798 2097 878 2135 fine
898 2095 1142 2147 profectum.

158 2162 250 2201 Hoc
270 2165 394 2213 pacto
414 2172 565 2211 sequar
583 2163 724 2210 atque,
745 2170 838 2197 oras
858 2157 1108 2208 ubicumque
1127 2155 1273 2194 locaris
1334 2160 1402 2198 980

158 2223 393 2270 Extremas,
414 2234 613 2274 quaeram
633 2220 736 2272 quid
755 2220 838 2260 telo
857 2219 1035 2270 denique
1054 2218 1141 2258 fiat.

201 2313 267 2334 nu
1298 2305 1317 2335 3
