1571 2476
548 197 721 237 LIBER
751 200 959 241 PRIMVS

131 300 365 339 Herbarum
385 313 534 351 genera
554 306 595 340 et
617 303 751 353 fruges
772 304 1019 356 frondesque
1041 308 1168 348 uideri

131 361 362 412 Dispertita
381 361 489 400 inter
510 368 661 402 terram
682 365 848 404 latitare
869 368 1046 414 minute;

59 423 105 472 (c)
130 423 344 462 Postremo
364 423 405 461 in
427 424 545 474 lignis
565 425 741 465 cinerem
763 427 1007 480 fumumque
1028 430 1168 477 uideri,

128 484 230 523 Cum
252 484 485 535 praefracta
505 486 653 533 forent,
675 487 861 539 ignisque
882 491 1008 529 latere
1029 492 1222 532 minutos.

127 546 312 596 Quorum
332 546 390 585 nil
410 547 496 585 fieri
516 548 712 598 quoniam
732 551 955 590 manifesta
975 552 1096 592 docet
1116 566 1190 600 res,

126 607 235 646 Scire
256 607 350 646 licet
370 620 453 647 non
474 621 559 648 esse
579 609 621 648 in
642 610 763 650 rebus
784 624 845 650 res
864 611 925 651 ita
944 613 1117 660 mixtas;

125 670 278 708 Verum
297 669 455 708 semina
475 671 732 710 multimodis
751 672 929 712 inmixta
949 675 1076 714 latere

125 730 350 770 Multarum
372 743 507 770 rerum
527 732 569 770 in
590 733 711 772 rebus
731 736 967 775 communia
987 737 1152 777 debent.

1320 217 1369 255 31

1303 378 1369 414 890

1299 684 1364 722 895

178 854 248 894 ‘At
267 867 389 906 saepe
409 854 452 894 in
472 856 632 906 magnis
652 857 699 895 fit
720 857 951 897 montibus'
973 859 1109 910 inquis
1130 860 1197 900 ‘ut
1218 862 1311 900 altis

121 916 350 956 Arboribus
370 916 506 955 uicina
526 918 742 956 cacumina
762 931 924 958 summa
946 924 1134 960 terantur

123 977 238 1017 Inter
257 990 311 1024 se,
334 978 482 1017 ualidis
502 978 635 1017 facere
655 979 697 1018 id
718 982 959 1030 cogentibus
979 982 1153 1030 Austris,

120 1039 262 1078 Donec
281 1039 465 1078 flammai
486 1040 689 1080 fulserunt
709 1041 808 1080 flore
828 1043 996 1082 coorto.'

120 1100 302 1147 Scilicet:
323 1106 365 1140 et
385 1114 468 1141 non
489 1107 551 1140 est
571 1102 690 1153 lignis
711 1107 852 1142 tamen
872 1103 1019 1144 insitus
1039 1105 1156 1156 ignis,

119 1164 272 1202 Verum
292 1163 450 1202 semina
469 1169 567 1203 sunt
588 1164 745 1203 ardoris
764 1166 910 1211 multa,
934 1168 1104 1205 terendo

119 1224 234 1275 Quae
255 1238 348 1264 cum
370 1225 616 1272 confluxere,
639 1230 781 1265 creant
800 1226 990 1266 incendia
1009 1228 1133 1268 siluis.

119 1287 240 1337 Quod
259 1286 292 1326 si
314 1286 426 1326 facta
446 1287 552 1326 foret
573 1287 685 1326 siluis
705 1288 950 1327 abscondita
970 1289 1151 1336 flamma,

118 1348 211 1387 Non
233 1353 401 1399 possent
423 1349 551 1388 ullum
574 1354 738 1401 tempus
759 1350 924 1388 celarier
943 1350 1068 1401 ignes,

117 1410 373 1449 Conficerent
395 1411 516 1461 uolgo
536 1411 673 1457 siluas,
695 1411 867 1450 arbusta
887 1417 1127 1452 cremarent.

119 1472 262 1511 Iamne
283 1472 398 1511 uides
418 1472 555 1523 igitur,
577 1473 702 1523 paulo
722 1473 835 1523 quod
855 1473 1034 1513 diximus
1054 1478 1164 1521 ante,

118 1534 335 1585 Permagni
355 1534 516 1580 referre,
539 1535 682 1573 eadem
704 1534 928 1585 primordia
948 1548 1069 1586 saepe

116 1596 218 1634 Cum
240 1595 391 1647 quibus
411 1600 453 1635 et
474 1596 585 1647 quali
606 1596 793 1646 positura
813 1596 1117 1644 contineantur,

115 1657 171 1696 Et
192 1670 296 1709 quos
315 1658 424 1697 inter
442 1671 484 1697 se
504 1658 605 1696 dent
626 1663 765 1697 motus
785 1658 1086 1710 accipiantque,

114 1720 254 1770 Atque
273 1720 431 1766 eadem,
453 1720 578 1770 paulo
598 1719 706 1758 inter
724 1732 767 1758 se
786 1724 965 1766 mutata,
988 1732 1123 1759 creare

117 1781 227 1832 Ignis
247 1786 290 1820 et
308 1781 488 1832 lignum?
532 1782 623 1832 Quo
643 1786 767 1832 pacto
788 1782 915 1820 uerba
935 1794 1099 1832 quoque
1119 1782 1209 1832 ipsa

115 1843 230 1882 Inter
248 1856 290 1882 se
310 1843 435 1894 paulo
455 1843 630 1882 mutatis
650 1847 748 1882 sunt
769 1843 994 1889 elementis,

112 1905 215 1943 Cum
236 1904 346 1956 ligna
366 1909 494 1956 atque
514 1904 618 1956 ignis
639 1904 837 1943 distincta
858 1917 958 1943 uoce
977 1908 1181 1943 notemus.

113 1966 301 2017 Denique
321 1966 417 2013 iam,
439 1979 726 2017 quaecumque
745 1966 787 2004 in
808 1966 929 2005 rebus
949 1965 1079 2004 cernis
1098 1965 1251 2017 apertis

111 2027 154 2067 Si
172 2028 260 2067 fieri
278 2041 362 2068 non
382 2041 502 2080 posse
522 2032 659 2079 putas,
681 2027 781 2079 quin
802 2027 993 2066 materiai

111 2089 293 2141 Corpora
312 2090 513 2129 consimili
534 2094 686 2128 natura
705 2089 895 2140 praedita
914 2089 1057 2139 fingas,

111 2151 204 2190 Hac
223 2151 383 2191 ratione
406 2151 480 2191 tibi
501 2155 676 2202 pereunt
695 2150 920 2201 primordia
940 2160 1095 2189 rerum:

111 2212 203 2253 Fiet
223 2213 285 2253 uti
305 2213 388 2252 risu
410 2213 587 2252 tremulo
607 2224 806 2252 concussa
825 2211 1086 2258 cachinnent,

1295 1059 1362 1089 900

1293 1366 1358 1397 905

1291 1673 1357 1702 910

1289 1979 1355 2011 915
