1571 2476
167 196 215 224 12
503 185 580 222 DE
611 184 810 222 RERVM
840 184 878 221 N
881 184 1072 223 ATVRA

161 288 312 327 Omnia
332 293 502 333 natura;
523 299 704 337 namque
725 291 787 325 est
807 287 849 325 in
871 288 992 325 rebus
1012 287 1147 326 inane.
1343 302 1409 332 330

163 349 283 398 Quod
304 350 379 387 tibi
401 361 596 399 cognosse
616 349 658 386 in
681 348 822 387 multis
843 348 920 386 erit
941 349 1041 386 utile
1063 349 1197 394 rebus,

163 411 248 450 Nec
268 411 375 448 sinet
395 416 603 449 errantem
623 410 828 455 dubitare,
851 414 892 447 et
914 422 1109 460 quaerere
1129 422 1290 460 semper

163 473 224 510 De
244 485 409 510 summa
429 485 566 510 rerum
586 475 627 509 et
648 472 799 509 nostris
820 471 1004 509 diffidere
1025 472 1159 510 dictis.

100 535 139 585 (1)
164 533 284 584 Quod
304 534 337 571 si
357 546 440 571 non
461 537 580 578 esset,
603 533 716 570 nulla
738 534 896 570 ratione
918 533 1075 571 moueri
1344 548 1409 578 335

163 595 245 633 Res
266 599 453 645 possent;
475 607 656 645 namque
677 595 858 633 officium
879 594 992 645 quod
1012 594 1193 645 corporis
1213 599 1366 641 exstat,

163 656 334 695 Officere
353 660 480 706 atque
500 657 679 701 obstare,
700 656 743 694 id
761 656 803 694 in
823 656 936 694 omni
956 660 1143 706 tempore
1163 657 1326 695 adesset

163 717 385 763 Omnibus;
407 718 520 756 haud
541 718 666 768 igitur
687 718 912 768 quicquam
933 718 1152 768 procedere
1173 723 1326 769 posset,

163 780 417 830 Principium
438 780 637 830 quoniam
657 780 828 818 cedendi
849 780 963 818 nulla
983 780 1102 818 daret
1122 791 1198 819 res.

162 841 218 879 At
238 854 348 880 nunc
369 853 441 892 per
460 841 592 880 maria
611 853 659 879 ac
679 845 809 879 terras
829 841 1091 892 sublimaque
1113 842 1215 880 caeli
1346 855 1412 887 340

163 903 297 941 Multa
316 903 450 941 modis
470 903 625 948 multis,
648 903 765 941 uaria
784 903 958 949 ratione,
981 904 1140 942 moueri

162 964 375 1003 Cernimus
395 968 493 1003 ante
513 965 671 1010 oculos;
694 977 813 1016 quae,
835 965 869 1003 si
889 977 971 1003 non
996 968 1102 1003 esset
1123 966 1259 1012 inane,

164 1026 259 1065 Non
279 1030 369 1065 tarn
388 1026 563 1065 sollicito
585 1031 705 1065 motu
726 1026 893 1077 priuata
912 1031 1112 1072 carerent,

165 1087 301 1138 Quam
320 1088 461 1138 genita
481 1088 650 1126 omnino
672 1089 786 1127 nulla
806 1088 965 1127 ratione
986 1089 1175 1136 fuissent,

163 1150 356 1200 Vndique
376 1150 569 1188 maten'es
590 1150 791 1200 quoniam
810 1151 969 1201 stipata
989 1151 1182 1201 quiesset.
1349 1165 1413 1196 345

82 1214 137 1262 (ii)
164 1212 395 1258 Praeterea,
417 1212 611 1262 quamuis
631 1212 786 1250 solidae
806 1224 869 1250 res
889 1225 976 1251 esse
997 1217 1211 1263 putentur,

164 1273 274 1312 Hinc
293 1277 436 1312 tamen
456 1286 543 1311 esse
563 1274 657 1312 licet
679 1286 771 1312 raro
791 1286 887 1312 cum
907 1286 1078 1325 corpore
1099 1286 1260 1314 cernas:

167 1335 215 1374 In
235 1335 345 1373 saxis
366 1348 414 1373 ac
433 1335 639 1386 speluncis
660 1340 879 1386 permanat
901 1348 1107 1387 aquarum

166 1397 368 1447 Liquidus
387 1409 521 1443 umor,
544 1400 584 1435 et
606 1398 802 1436 uberibus
822 1397 922 1436 flent
944 1398 1088 1437 omnia
1107 1398 1257 1449 guttis;

166 1459 352 1509 Dissipat
372 1458 415 1497 in
435 1471 584 1509 corpus
604 1472 691 1497 sese
711 1459 829 1498 cibus
850 1472 974 1498 omne
995 1461 1279 1507 animantun1;
1351 1474 1417 1505 350

166 1520 365 1559 Crescunt
386 1521 559 1559 arbusta
578 1525 620 1559 et
642 1521 750 1559 fetus
770 1521 813 1560 in
835 1525 1022 1572 tempore
1043 1522 1241 1568 fundunt,

167 1582 288 1633 Quod
309 1582 424 1620 cibus
444 1582 486 1621 in
507 1586 620 1621 totas
640 1595 771 1633 usque
792 1584 845 1621 ab
868 1583 1076 1623 radicibus
1096 1584 1190 1623 imis

168 1644 245 1682 Per
264 1647 433 1683 truncos
454 1656 502 1682 ac
522 1656 594 1694 per
614 1657 750 1683 ramos
770 1645 1001 1684 diffunditu
1043 1646 1196 1692 omnis;

168 1706 283 1744 Inter
302 1710 449 1756 saepta
468 1710 610 1744 meant
630 1719 752 1745 uoces
772 1711 815 1744 et
837 1707 978 1746 clausa
999 1708 1221 1747 domorum

168 1767 484 1806 Transuolitant
495 1779 503 1813 ;
526 1767 704 1818 rigidum
724 1773 944 1819 permanat
965 1770 1092 1821 frigus
1114 1770 1167 1808 ad
1187 1782 1294 1810 ossa.
1354 1784 1418 1814 355

172 1829 305 1880 Quod,
327 1829 405 1868 nisi
424 1829 565 1867 inania
584 1831 667 1868 sint
688 1842 772 1881 qua
792 1834 961 1881 possent
981 1844 1154 1883 corpora
1177 1844 1367 1882 quaeque

170 1891 373 1937 Transire,
394 1891 509 1930 haud
528 1891 612 1930 ulla
632 1892 718 1930 fieri
739 1893 899 1931 ratione
919 1893 1095 1933 uideres.

75 1953 146 2004 (iii)
170 1953 372 2003 Denique,
393 1965 467 1991 cur
486 1953 586 1992 alias
607 1954 696 1992 aliis
717 1958 928 2004 praestare
951 1955 1142 1994 uidemus

171 2014 357 2052 Pondere
377 2027 440 2052 res
461 2015 595 2060 rebus,
618 2015 701 2053 nilo
722 2016 876 2054 maiore
898 2017 1051 2067 figura?

170 2076 280 2114 Nam
299 2076 333 2114 si
353 2077 645 2115 tantundemst
666 2078 708 2115 in'
729 2078 847 2115 lanae
868 2079 1048 2128 glomere
1069 2081 1277 2129 quantum
1356 2086 1422 2124 360

171 2137 361 2188 Corporis
380 2138 423 2176 in
444 2138 616 2188 plumbo
636 2143 711 2184 est,
734 2140 988 2179 tantundem
1008 2140 1186 2192 pendere
1208 2153 1283 2191 par
1303 2144 1378 2186 est,

221 2222 286 2254 334
310 2213 539 2254 Quapropter
562 2215 660 2245 locus
682 2217 737 2245 est
758 2215 919 2247 intactus
941 2216 1047 2248 inane
1070 2226 1277 2257 uacansque
1298 2217 1424 2249 delebat

312 2260 464 2298 Bentley.
791 2264 867 2300 356,
888 2271 955 2302 357
973 2263 1023 2293 sic
1039 2263 1258 2304 interpunxit
1274 2264 1422 2305 Brieger.
