1571 2476
215 171 261 210 16
548 167 626 205 DE
656 164 856 204 RERVM
885 164 1116 203 NATVRA

142 277 184 328 (i)
207 274 486 314 Coniunctum
505 275 569 310 est
587 271 631 310 id
651 270 764 321 quod
784 281 993 319 nusquam
1012 268 1099 307 sine
1120 266 1343 318 permitiali

209 336 393 375 Discidio
414 335 524 385 potis
544 336 606 371 est
626 331 784 382 seiungi
804 343 929 381 seque
950 330 1120 380 gregari‚

211 397 379 436 Pondus
400 397 462 434 uti
482 395 626 440 saxist,
648 393 759 432 calor
778 392 896 443 ignis,
918 392 1053 442 liquor
1073 390 1210 441 aquai.

131 461 187 511 (ii)
211 459 436 498 Seruitium
456 460 614 501 contra,
636 458 862 506 paupertas
881 453 1150 502 diuitiaeque,
1393 462 1457 494 455

213 521 415 565 Libertas,
436 518 604 562 bellum,
626 516 858 561 concordia,
881 518 1030 560 cetera,
1053 526 1232 564 quorum

213 582 412 620 Aduentu
432 583 575 619 manet
594 577 812 617 incolumis
831 580 984 615 natura
1005 576 1261 625 abituque—

215 644 330 682 Haec
350 642 461 681 soliti
480 653 636 686 sumus,
658 643 706 678 ut
727 651 802 690 par
821 642 896 684 est,
919 641 1072 676 euenta
1091 648 1252 675 uocare.

139 707 192 757 (a)
215 706 396 755 Tempus
415 703 518 742 item
538 714 610 753 per
629 714 671 740 se
690 713 775 739 non
795 704 876 745 est;
898 700 971 738 sed
991 699 1113 737 rebus
1134 698 1187 736 ab
1207 697 1306 748 ipsis

216 765 493 816 Consequitur
511 775 667 809 sensus,
689 765 951 801 transactum
972 760 1073 811 quid
1092 760 1146 798 sit
1166 760 1209 797 in
1230 771 1346 804 aeuo,
1397 764 1464 802 460

217 829 325 867 Tum
345 839 451 878 quae
471 838 534 864 res
553 826 695 870 instet,
717 824 819 874 quid
840 835 960 874 porro
981 822 1130 861 deinde
1150 824 1361 871 sequatur.

218 890 304 928 Nec
325 901 397 940 per
415 901 458 926 se
478 899 733 938 quemquam
754 890 920 935 tempus
940 884 1092 922 sentire
1113 882 1387 927 fatendumst,

220 951 436 990 Semotum
456 950 508 988 ab
529 961 666 987 rerum
686 951 804 986 motu
826 946 1071 997 placidaque
1093 945 1244 995 quiete.

149 1014 198 1065 (b)
220 1013 423 1063 Denique,
444 1010 727 1062 Tyndaridem
747 1012 914 1059 raptam
933 1008 1124 1057 belloque
1144 1006 1341 1044 subactas

220 1075 473 1124 Troiugenas
492 1072 626 1123 gentis
646 1084 742 1110 cum
762 1071 907 1109 dicunt
928 1082 1026 1114 esse,
1051 1068 1320 1108 uidendumst
1402 1073 1468 1111 465

222 1136 284 1175 Ne
305 1136 411 1174 forte
431 1135 533 1173 haec
553 1146 626 1185 per
644 1146 686 1172 se
706 1136 858 1183 cogant
878 1143 953 1170 nos
973 1143 1060 1169 esse
1080 1130 1215 1174 fateri,

223 1197 400 1249 Quando
438 1209 488 1234 ea
523 1196 659 1234 saecla
694 1195 925 1239 hominum,
966 1205 1144 1243 quorum
1180 1191 1284 1229 haec
1321 1192 1473 1228 euenta

330 1259 512 1303 suerunt,

226 1320 522 1359 Inreuocabilis
542 1318 760 1357 abstulerit
781 1318 865 1356 iarn
886 1316 1112 1367 praeterita
1132 1318 1260 1354 aetas.

226 1383 419 1432 Namque
439 1381 553 1419 aliud
572 1380 704 1425 terris,
727 1379 840 1417 aliud
860 1378 1095 1428 regionibus
1114 1377 1214 1427 ipsis

227 1444 441 1482 Euentum
460 1443 541 1481 dici
561 1442 728 1493 poterit,
750 1441 1043 1491 quodcumque
1064 1439 1141 1477 erit
1163 1442 1317 1476 actum.
1409 1449 1476 1481 470

157 1507 203 1557 (c)
227 1505 430 1555 Denique,
452 1504 645 1543 materies
664 1503 698 1541 si
718 1515 855 1541 rerum
874 1502 989 1540 nulla
1008 1501 1166 1546 fuisset,

229 1567 316 1606 Nec
335 1567 449 1605 locus
469 1578 517 1604 ac
536 1566 733 1616 spatium,
756 1577 818 1602 res
838 1564 880 1602 in
901 1576 983 1614 quo
1005 1574 1195 1613 quaeque
1215 1563 1428 1611 geruntur,

231 1629 486 1679 Numquam,
508 1627 758 1678 Tyndaridis
779 1626 935 1664 formae
957 1624 1161 1663 conflatus
1183 1635 1335 1668 amore,

233 1691 357 1741 Ignis,
380 1689 604 1728 Alexandri
627 1688 806 1739 Phrygio
827 1689 904 1725 sub
925 1690 1091 1737 pectore
1112 1686 1297 1735 gliscens,

234 1753 353 1791 Clara
373 1751 627 1790 accendisset
647 1750 760 1789 saeui
781 1749 1010 1788 certamina
1030 1748 1124 1786 belli
1136 1759 1143 1793 ;
1414 1757 1480 1789 475

235 1814 320 1852 Nec
340 1814 448 1852 clam
468 1813 667 1852 durateus
686 1812 874 1850 Troianis
896 1811 1098 1860 Pergama
1118 1812 1241 1859 partu

238 1875 544 1914 Inflammasset
564 1886 695 1925 equus
715 1877 920 1911 nocturno
940 1872 1288 1921 Graiugenarum:

238 1937 471 1987 Perspicere
491 1939 539 1974 ut
559 1936 690 1986 possis
710 1948 773 1973 res
793 1938 929 1985 gestas
950 1934 1140 1972 funditus
1160 1931 1294 1970 omnis

287 2065 352 2095 453
371 2055 485 2086 saxist
502 2055 716 2089 Lachmann,
736 2053 832 2084 saxis
850 2053 919 2092 OQ.

287 2111 353 2142 454
375 2102 510 2132 Tactus
531 2101 740 2141 corporibus
762 2099 901 2131 cunctis
923 2099 1083 2129 intactus
1105 2097 1203 2128 inani
1224 2097 1361 2128 seclusit
1384 2096 1487 2127 Lach-

375 2158 494 2179 mann.

290 2204 355 2237 473
375 2195 512 2226 formae
529 2195 568 2236 Q,
588 2194 705 2225 torma
722 2193 761 2224 Ο.
797 2202 919 2224 amore
938 2192 1008 2233 OQ,
1027 2192 1160 2223 amoris
1183 2190 1378 2231 Wakefield·
