<?xml version="1.0" encoding="UTF-8"?>
<!DOCTYPE html PUBLIC "-//W3C//DTD XHTML 1.0 Transitional//EN"
    "http://www.w3.org/TR/xhtml1/DTD/xhtml1-transitional.dtd">
<html xmlns="http://www.w3.org/1999/xhtml" xml:lang="en" lang="en">
 <head>
  <title>
</title>
<meta http-equiv="Content-Type" content="text/html;charset=utf-8" />
  <meta name='ocr-system' content='tesseract 3.04.00' />
  <meta name='ocr-capabilities' content='ocr_page ocr_carea ocr_par ocr_line ocrx_word'/>
</head>
<body>
  <div class='ocr_page' id='page_1' title='image "./dererumnaturprim00lucruoft_0064.png"; bbox 0 0 1571 2476; ppageno 0'>
   <div class='ocr_carea' id='block_1_1' title="bbox 245 204 1155 257">
    <p class='ocr_par' dir='ltr' id='par_1_1' title="bbox 245 204 1155 257">
     <span class='ocr_line' id='line_1_1' title="bbox 245 204 1155 257; baseline -0.004 -10"><span class='ocrx_word' id='word_1_1' title='bbox 245 217 297 257; x_wconf 88' lang='lat'>30</span> <span class='ocrx_word' id='word_1_2' title='bbox 586 205 664 244; x_wconf 91' lang='lat' dir='ltr'>DE</span> <span class='ocrx_word' id='word_1_3' title='bbox 694 205 894 244; x_wconf 91' lang='lat' dir='ltr'><strong>RERVM</strong></span> <span class='ocrx_word' id='word_1_4' title='bbox 922 204 1155 244; x_wconf 91' lang='lat' dir='ltr'><strong>NATVRA</strong></span> 
     </span>
    </p>
   </div>
   <div class='ocr_carea' id='block_1_2' title="bbox 180 309 1496 792">
    <p class='ocr_par' dir='ltr' id='par_1_2' title="bbox 180 309 1496 792">
     <span class='ocr_line' id='line_1_2' title="bbox 248 309 1308 361; baseline -0.001 -10"><span class='ocrx_word' id='word_1_5' title='bbox 248 312 361 358; x_wconf 85' lang='lat' dir='ltr'>Esse,</span> <span class='ocrx_word' id='word_1_6' title='bbox 381 314 424 351; x_wconf 89' lang='lat' dir='ltr'>et</span> <span class='ocrx_word' id='word_1_7' title='bbox 442 310 596 350; x_wconf 89' lang='lat' dir='ltr'>habere</span> <span class='ocrx_word' id='word_1_8' title='bbox 614 309 658 349; x_wconf 88' lang='lat' dir='ltr'>in</span> <span class='ocrx_word' id='word_1_9' title='bbox 676 322 720 349; x_wconf 92' lang='lat' dir='ltr'>se</span> <span class='ocrx_word' id='word_1_10' title='bbox 739 322 962 349; x_wconf 90' lang='lat' dir='ltr'>neruorum</span> <span class='ocrx_word' id='word_1_11' title='bbox 983 321 1157 361; x_wconf 90' lang='lat' dir='ltr'>corpora</span> <span class='ocrx_word' id='word_1_12' title='bbox 1174 322 1308 361; x_wconf 88' lang='lat' dir='ltr'>parua</span> 
     </span>
     <span class='ocr_line' id='line_1_3' title="bbox 247 370 1255 424; baseline -0.003 -12"><span class='ocrx_word' id='word_1_13' title='bbox 247 374 435 424; x_wconf 83' lang='lat' dir='ltr'>Ossaque</span> <span class='ocrx_word' id='word_1_14' title='bbox 454 376 496 411; x_wconf 89' lang='lat' dir='ltr'>et</span> <span class='ocrx_word' id='word_1_15' title='bbox 516 371 686 411; x_wconf 90' lang='lat' dir='ltr'>omnino</span> <span class='ocrx_word' id='word_1_16' title='bbox 706 384 834 410; x_wconf 88' lang='lat' dir='ltr'>uenas</span> <span class='ocrx_word' id='word_1_17' title='bbox 854 370 1068 422; x_wconf 89' lang='lat' dir='ltr'>partisque</span> <span class='ocrx_word' id='word_1_18' title='bbox 1088 371 1255 418; x_wconf 91' lang='lat' dir='ltr'>cruoris,</span> 
     </span>
     <span class='ocr_line' id='line_1_4' title="bbox 248 432 1288 484; baseline -0.002 -10"><span class='ocrx_word' id='word_1_19' title='bbox 248 434 341 474; x_wconf 88' lang='lat' dir='ltr'>Fiet</span> <span class='ocrx_word' id='word_1_20' title='bbox 360 433 424 473; x_wconf 89' lang='lat' dir='ltr'>uti</span> <span class='ocrx_word' id='word_1_21' title='bbox 443 433 559 473; x_wconf 90' lang='lat' dir='ltr'>cibus</span> <span class='ocrx_word' id='word_1_22' title='bbox 578 432 726 480; x_wconf 90' lang='lat' dir='ltr'>omnis,</span> <span class='ocrx_word' id='word_1_23' title='bbox 747 436 790 472; x_wconf 89' lang='lat' dir='ltr'>et</span> <span class='ocrx_word' id='word_1_24' title='bbox 809 433 950 471; x_wconf 90' lang='lat' dir='ltr'>aridus</span> <span class='ocrx_word' id='word_1_25' title='bbox 969 437 1012 471; x_wconf 88' lang='lat' dir='ltr'>et</span> <span class='ocrx_word' id='word_1_26' title='bbox 1031 432 1178 484; x_wconf 90' lang='lat' dir='ltr'>liquor,</span> <span class='ocrx_word' id='word_1_27' title='bbox 1200 433 1288 484; x_wconf 91' lang='lat' dir='ltr'>ipse</span> 
     </span>
     <span class='ocr_line' id='line_1_5' title="bbox 248 494 1496 546; baseline -0.002 -12"><span class='ocrx_word' id='word_1_28' title='bbox 248 496 314 535; x_wconf 88' lang='lat' dir='ltr'>Ex</span> <span class='ocrx_word' id='word_1_29' title='bbox 333 494 571 546; x_wconf 83' lang='lat' dir='ltr'>alienigenis</span> <span class='ocrx_word' id='word_1_30' title='bbox 590 495 712 534; x_wconf 90' lang='lat' dir='ltr'>rebus</span> <span class='ocrx_word' id='word_1_31' title='bbox 732 498 922 533; x_wconf 79' lang='lat' dir='ltr'>constare</span> <span class='ocrx_word' id='word_1_32' title='bbox 941 498 1170 545; x_wconf 89' lang='lat' dir='ltr'>putetur—</span> <span class='ocrx_word' id='word_1_33' title='bbox 1429 500 1496 540; x_wconf 88' lang='lat'>865</span> 
     </span>
     <span class='ocr_line' id='line_1_6' title="bbox 249 555 1304 607; baseline -0.002 -11"><span class='ocrx_word' id='word_1_34' title='bbox 249 557 421 597; x_wconf 85' lang='lat' dir='ltr'>Ossibus</span> <span class='ocrx_word' id='word_1_35' title='bbox 441 561 484 596; x_wconf 89' lang='lat' dir='ltr'>et</span> <span class='ocrx_word' id='word_1_36' title='bbox 502 556 640 595; x_wconf 91' lang='lat' dir='ltr'>neruis</span> <span class='ocrx_word' id='word_1_37' title='bbox 660 555 857 607; x_wconf 87' lang='lat' dir='ltr'>sanieque</span> <span class='ocrx_word' id='word_1_38' title='bbox 877 559 919 595; x_wconf 86' lang='lat' dir='ltr'>et</span> <span class='ocrx_word' id='word_1_39' title='bbox 938 555 1139 607; x_wconf 84' lang='lat' dir='ltr'>sanguine</span> <span class='ocrx_word' id='word_1_40' title='bbox 1158 556 1304 595; x_wconf 81' lang='lat' dir='ltr'>mixto.</span> 
     </span>
     <span class='ocr_line' id='line_1_7' title="bbox 180 619 1367 670; baseline -0.001 -12"><span class='ocrx_word' id='word_1_41' title='bbox 180 620 227 670; x_wconf 85' lang='lat' dir='ltr'>(b)</span> <span class='ocrx_word' id='word_1_42' title='bbox 251 619 482 665; x_wconf 89' lang='lat' dir='ltr'>Praeterea,</span> <span class='ocrx_word' id='word_1_43' title='bbox 504 630 792 669; x_wconf 91' lang='lat' dir='ltr'>quaecumque</span> <span class='ocrx_word' id='word_1_44' title='bbox 811 630 834 657; x_wconf 90' lang='lat' dir='ltr'>e</span> <span class='ocrx_word' id='word_1_45' title='bbox 854 621 964 657; x_wconf 88' lang='lat' dir='ltr'>terra</span> <span class='ocrx_word' id='word_1_46' title='bbox 984 630 1158 669; x_wconf 88' lang='lat' dir='ltr'>corpora</span> <span class='ocrx_word' id='word_1_47' title='bbox 1177 621 1367 657; x_wconf 85' lang='lat' dir='ltr'>creseunt</span> 
     </span>
     <span class='ocr_line' id='line_1_8' title="bbox 250 679 1238 726; baseline -0.001 -6"><span class='ocrx_word' id='word_1_48' title='bbox 250 680 293 720; x_wconf 88' lang='lat' dir='ltr'>Si</span> <span class='ocrx_word' id='word_1_49' title='bbox 312 684 411 720; x_wconf 90' lang='lat' dir='ltr'>sunt</span> <span class='ocrx_word' id='word_1_50' title='bbox 429 680 472 719; x_wconf 91' lang='lat' dir='ltr'>in</span> <span class='ocrx_word' id='word_1_51' title='bbox 493 679 624 726; x_wconf 88' lang='lat' dir='ltr'>terris,</span> <span class='ocrx_word' id='word_1_52' title='bbox 646 683 800 719; x_wconf 91' lang='lat' dir='ltr'>terram</span> <span class='ocrx_word' id='word_1_53' title='bbox 821 683 1012 718; x_wconf 83' lang='lat' dir='ltr'>constare</span> <span class='ocrx_word' id='word_1_54' title='bbox 1031 683 1238 719; x_wconf 85' lang='lat' dir='ltr'>necessest</span> 
     </span>
     <span class='ocr_line' id='line_1_9' title="bbox 251 740 1132 792; baseline 0 -11"><span class='ocrx_word' id='word_1_55' title='bbox 251 742 317 781; x_wconf 89' lang='lat' dir='ltr'>Ex</span> <span class='ocrx_word' id='word_1_56' title='bbox 337 741 586 792; x_wconf 82' lang='lat' dir='ltr'>alienigenis,</span> <span class='ocrx_word' id='word_1_57' title='bbox 609 754 716 792; x_wconf 91' lang='lat' dir='ltr'>quae</span> <span class='ocrx_word' id='word_1_58' title='bbox 736 740 856 781; x_wconf 90' lang='lat' dir='ltr'>terris</span> <span class='ocrx_word' id='word_1_59' title='bbox 875 741 1132 781; x_wconf 86' lang='lat' dir='ltr'>exoriuntur.</span> 
     </span>
    </p>
   </div>
   <div class='ocr_carea' id='block_1_3' title="bbox 181 802 1501 1040">
    <p class='ocr_par' dir='ltr' id='par_1_3' title="bbox 181 802 1500 918">
     <span class='ocr_line' id='line_1_10' title="bbox 251 802 1500 850; baseline -0.002 -8"><span class='ocrx_word' id='word_1_60' title='bbox 251 803 445 843; x_wconf 80' lang='lat' dir='ltr'>Transfer</span> <span class='ocrx_word' id='word_1_61' title='bbox 464 803 578 849; x_wconf 87' lang='lat' dir='ltr'>item,</span> <span class='ocrx_word' id='word_1_62' title='bbox 601 803 778 842; x_wconf 90' lang='lat' dir='ltr'>totidem</span> <span class='ocrx_word' id='word_1_63' title='bbox 799 802 936 842; x_wconf 92' lang='lat' dir='ltr'>uerbis</span> <span class='ocrx_word' id='word_1_64' title='bbox 956 807 1075 842; x_wconf 89' lang='lat' dir='ltr'>utare</span> <span class='ocrx_word' id='word_1_65' title='bbox 1095 802 1249 845; x_wconf 85' lang='lat' dir='ltr'>licebit.</span> <span class='ocrx_word' id='word_1_66' title='bbox 1432 810 1500 850; x_wconf 84' lang='lat'>870</span> 
     </span>
     <span class='ocr_line' id='line_1_11' title="bbox 181 864 1270 918; baseline -0.001 -13"><span class='ocrx_word' id='word_1_67' title='bbox 181 865 229 918; x_wconf 90' lang='lat' dir='ltr'>(c)</span> <span class='ocrx_word' id='word_1_68' title='bbox 252 865 302 905; x_wconf 90' lang='lat' dir='ltr'>In</span> <span class='ocrx_word' id='word_1_69' title='bbox 322 864 441 916; x_wconf 89' lang='lat' dir='ltr'>lignis</span> <span class='ocrx_word' id='word_1_70' title='bbox 460 864 494 904; x_wconf 89' lang='lat' dir='ltr'>si</span> <span class='ocrx_word' id='word_1_71' title='bbox 514 864 684 904; x_wconf 90' lang='lat' dir='ltr'>flamma</span> <span class='ocrx_word' id='word_1_72' title='bbox 703 865 809 904; x_wconf 90' lang='lat' dir='ltr'>latet</span> <span class='ocrx_word' id='word_1_73' title='bbox 829 865 1052 916; x_wconf 82' lang='lat' dir='ltr'>fumusque</span> <span class='ocrx_word' id='word_1_74' title='bbox 1072 864 1270 916; x_wconf 88' lang='lat' dir='ltr'>cinisque,</span> 
     </span>
    </p>

    <p class='ocr_par' dir='ltr' id='par_1_4' title="bbox 252 926 1499 978">
     <span class='ocr_line' id='line_1_12' title="bbox 252 926 1499 978; baseline -0.002 -12"><span class='ocrx_word' id='word_1_75' title='bbox 252 927 318 966; x_wconf 84' lang='lat' dir='ltr'>Ex</span> <span class='ocrx_word' id='word_1_76' title='bbox 338 926 575 978; x_wconf 83' lang='lat' dir='ltr'>alienigenis</span> <span class='ocrx_word' id='word_1_77' title='bbox 595 926 827 966; x_wconf 82' lang='lat' dir='ltr'>consistant</span> <span class='ocrx_word' id='word_1_78' title='bbox 847 926 958 978; x_wconf 90' lang='lat' dir='ltr'>ligna</span> <span class='ocrx_word' id='word_1_79' title='bbox 977 930 1197 975; x_wconf 86' lang='lat' dir='ltr'>necessest,</span> <span class='ocrx_word' id='word_1_80' title='bbox 1434 934 1499 973; x_wconf 88' lang='lat'>872</span> 
     </span>
    </p>

    <p class='ocr_par' dir='ltr' id='par_1_5' title="bbox 252 987 1501 1040">
     <span class='ocr_line' id='line_1_13' title="bbox 252 987 1501 1040; baseline -0.003 -12"><span class='ocrx_word' id='word_1_81' title='bbox 252 989 318 1028; x_wconf 89' lang='lat' dir='ltr'>Ex</span> <span class='ocrx_word' id='word_1_82' title='bbox 337 988 587 1040; x_wconf 83' lang='lat' dir='ltr'>alienigenis,</span> <span class='ocrx_word' id='word_1_83' title='bbox 609 1000 717 1040; x_wconf 90' lang='lat' dir='ltr'>quae</span> <span class='ocrx_word' id='word_1_84' title='bbox 736 987 856 1040; x_wconf 88' lang='lat' dir='ltr'>lignis</span> <span class='ocrx_word' id='word_1_85' title='bbox 876 988 1131 1028; x_wconf 83' lang='lat' dir='ltr'>exoriuntur.</span> <span class='ocrx_word' id='word_1_86' title='bbox 1435 995 1501 1034; x_wconf 87' lang='lat'>874</span> 
     </span>
    </p>
   </div>
   <div class='ocr_carea' id='block_1_4' title="bbox 179 1112 1504 2043">
    <p class='ocr_par' dir='ltr' id='par_1_6' title="bbox 179 1112 1504 2043">
     <span class='ocr_line' id='line_1_14' title="bbox 308 1112 1369 1164; baseline 0.001 -13"><span class='ocrx_word' id='word_1_87' title='bbox 308 1112 530 1164; x_wconf 86' lang='lat' dir='ltr'>Linquitur</span> <span class='ocrx_word' id='word_1_88' title='bbox 548 1112 615 1151; x_wconf 90' lang='lat' dir='ltr'>hic</span> <span class='ocrx_word' id='word_1_89' title='bbox 635 1113 843 1164; x_wconf 87' lang='lat' dir='ltr'>quaedam</span> <span class='ocrx_word' id='word_1_90' title='bbox 863 1112 1061 1152; x_wconf 87' lang='lat' dir='ltr'>latitandi</span> <span class='ocrx_word' id='word_1_91' title='bbox 1081 1112 1200 1164; x_wconf 90' lang='lat' dir='ltr'>copia</span> <span class='ocrx_word' id='word_1_92' title='bbox 1220 1113 1369 1159; x_wconf 82' lang='lat' dir='ltr'>tenuis,</span> 
     </span>
     <span class='ocr_line' id='line_1_15' title="bbox 254 1174 1425 1227; baseline -0.001 -13"><span class='ocrx_word' id='word_1_93' title='bbox 254 1174 305 1214; x_wconf 93' lang='lat' dir='ltr'>Id</span> <span class='ocrx_word' id='word_1_94' title='bbox 324 1175 439 1227; x_wconf 92' lang='lat' dir='ltr'>quod</span> <span class='ocrx_word' id='word_1_95' title='bbox 457 1175 728 1225; x_wconf 84' lang='lat' dir='ltr'>Anaxagoras</span> <span class='ocrx_word' id='word_1_96' title='bbox 747 1174 825 1213; x_wconf 90' lang='lat' dir='ltr'>sibi</span> <span class='ocrx_word' id='word_1_97' title='bbox 845 1174 986 1221; x_wconf 89' lang='lat' dir='ltr'>sumit,</span> <span class='ocrx_word' id='word_1_98' title='bbox 1009 1179 1057 1214; x_wconf 93' lang='lat' dir='ltr'>ut</span> <span class='ocrx_word' id='word_1_99' title='bbox 1077 1175 1270 1214; x_wconf 91' lang='lat' dir='ltr'>omnibus</span> <span class='ocrx_word' id='word_1_100' title='bbox 1290 1174 1425 1213; x_wconf 88' lang='lat' dir='ltr'>omnis</span> 
     </span>
     <span class='ocr_line' id='line_1_16' title="bbox 255 1236 1257 1288; baseline 0.001 -13"><span class='ocrx_word' id='word_1_101' title='bbox 255 1236 339 1276; x_wconf 89' lang='lat' dir='ltr'>Res</span> <span class='ocrx_word' id='word_1_102' title='bbox 357 1241 480 1288; x_wconf 90' lang='lat' dir='ltr'>putet</span> <span class='ocrx_word' id='word_1_103' title='bbox 500 1236 700 1275; x_wconf 85' lang='lat' dir='ltr'>inmixtas</span> <span class='ocrx_word' id='word_1_104' title='bbox 719 1236 842 1275; x_wconf 90' lang='lat' dir='ltr'>rebus</span> <span class='ocrx_word' id='word_1_105' title='bbox 861 1236 1042 1283; x_wconf 87' lang='lat' dir='ltr'>latitare,</span> <span class='ocrx_word' id='word_1_106' title='bbox 1063 1237 1136 1275; x_wconf 91' lang='lat' dir='ltr'>sed</span> <span class='ocrx_word' id='word_1_107' title='bbox 1155 1236 1257 1276; x_wconf 91' lang='lat' dir='ltr'>illud</span> 
     </span>
     <span class='ocr_line' id='line_1_17' title="bbox 253 1297 1226 1350; baseline 0 -13"><span class='ocrx_word' id='word_1_108' title='bbox 253 1298 465 1350; x_wconf 90' lang='lat' dir='ltr'>Apparere</span> <span class='ocrx_word' id='word_1_109' title='bbox 486 1311 629 1345; x_wconf 88' lang='lat' dir='ltr'>unum,</span> <span class='ocrx_word' id='word_1_110' title='bbox 651 1297 768 1337; x_wconf 88' lang='lat' dir='ltr'>cuius</span> <span class='ocrx_word' id='word_1_111' title='bbox 787 1298 871 1337; x_wconf 86' lang='lat' dir='ltr'>sint</span> <span class='ocrx_word' id='word_1_112' title='bbox 891 1298 1071 1349; x_wconf 89' lang='lat' dir='ltr'>plurima</span> <span class='ocrx_word' id='word_1_113' title='bbox 1090 1298 1226 1337; x_wconf 83' lang='lat' dir='ltr'>mixta</span> 
     </span>
     <span class='ocr_line' id='line_1_18' title="bbox 255 1359 1369 1411; baseline 0.001 -12"><span class='ocrx_word' id='word_1_114' title='bbox 255 1360 312 1399; x_wconf 84' lang='lat' dir='ltr'>Et</span> <span class='ocrx_word' id='word_1_115' title='bbox 332 1360 463 1411; x_wconf 89' lang='lat' dir='ltr'>magis</span> <span class='ocrx_word' id='word_1_116' title='bbox 482 1359 525 1399; x_wconf 89' lang='lat' dir='ltr'>in</span> <span class='ocrx_word' id='word_1_117' title='bbox 545 1364 745 1411; x_wconf 88' lang='lat' dir='ltr'>promptu</span> <span class='ocrx_word' id='word_1_118' title='bbox 764 1360 982 1411; x_wconf 91' lang='lat' dir='ltr'>primaque</span> <span class='ocrx_word' id='word_1_119' title='bbox 1001 1360 1044 1400; x_wconf 93' lang='lat' dir='ltr'>in</span> <span class='ocrx_word' id='word_1_120' title='bbox 1064 1360 1201 1399; x_wconf 79' lang='lat' dir='ltr'>fronte</span> <span class='ocrx_word' id='word_1_121' title='bbox 1220 1361 1369 1400; x_wconf 89' lang='lat' dir='ltr'>locata.</span> 
     </span>
     <span class='ocr_line' id='line_1_19' title="bbox 255 1421 1504 1473; baseline 0 -12"><span class='ocrx_word' id='word_1_122' title='bbox 255 1421 377 1473; x_wconf 79' lang='lat' dir='ltr'>Quod</span> <span class='ocrx_word' id='word_1_123' title='bbox 398 1427 539 1461; x_wconf 88' lang='lat' dir='ltr'>tamen</span> <span class='ocrx_word' id='word_1_124' title='bbox 559 1435 584 1461; x_wconf 93' lang='lat' dir='ltr'>a</span> <span class='ocrx_word' id='word_1_125' title='bbox 604 1435 703 1461; x_wconf 91' lang='lat' dir='ltr'>uera</span> <span class='ocrx_word' id='word_1_126' title='bbox 721 1423 842 1473; x_wconf 83' lang='lat' dir='ltr'>longe</span> <span class='ocrx_word' id='word_1_127' title='bbox 861 1421 1023 1461; x_wconf 90' lang='lat' dir='ltr'>ratione</span> <span class='ocrx_word' id='word_1_128' title='bbox 1043 1422 1307 1473; x_wconf 88' lang='lat' dir='ltr'>repulsumst.</span> <span class='ocrx_word' id='word_1_129' title='bbox 1437 1428 1504 1457; x_wconf 84' lang='lat'>880</span> 
     </span>
     <span class='ocr_line' id='line_1_20' title="bbox 179 1483 1359 1535; baseline -0.001 -12"><span class='ocrx_word' id='word_1_130' title='bbox 179 1484 232 1535; x_wconf 89' lang='lat' dir='ltr'>(a)</span> <span class='ocrx_word' id='word_1_131' title='bbox 256 1484 540 1523; x_wconf 89' lang='lat' dir='ltr'>Conueniebat</span> <span class='ocrx_word' id='word_1_132' title='bbox 561 1483 683 1530; x_wconf 89' lang='lat' dir='ltr'>enim,</span> <span class='ocrx_word' id='word_1_133' title='bbox 706 1484 843 1535; x_wconf 79' lang='lat' dir='ltr'>fruges</span> <span class='ocrx_word' id='word_1_134' title='bbox 863 1496 1030 1535; x_wconf 92' lang='lat' dir='ltr'>quoque</span> <span class='ocrx_word' id='word_1_135' title='bbox 1049 1497 1185 1535; x_wconf 89' lang='lat' dir='ltr'>saepe,</span> <span class='ocrx_word' id='word_1_136' title='bbox 1207 1484 1359 1523; x_wconf 88' lang='lat' dir='ltr'>minaci</span> 
     </span>
     <span class='ocr_line' id='line_1_21' title="bbox 256 1545 1301 1597; baseline 0 -13"><span class='ocrx_word' id='word_1_137' title='bbox 256 1545 422 1584; x_wconf 90' lang='lat' dir='ltr'>Robore</span> <span class='ocrx_word' id='word_1_138' title='bbox 442 1558 536 1584; x_wconf 94' lang='lat' dir='ltr'>cum</span> <span class='ocrx_word' id='word_1_139' title='bbox 557 1545 646 1584; x_wconf 84' lang='lat' dir='ltr'>saxi</span> <span class='ocrx_word' id='word_1_140' title='bbox 668 1545 930 1597; x_wconf 77' lang='lat' dir='ltr'>franguntur,</span> <span class='ocrx_word' id='word_1_141' title='bbox 951 1545 1119 1585; x_wconf 88' lang='lat' dir='ltr'>mittere</span> <span class='ocrx_word' id='word_1_142' title='bbox 1138 1545 1301 1597; x_wconf 88' lang='lat' dir='ltr'>signum</span> 
     </span>
     <span class='ocr_line' id='line_1_22' title="bbox 255 1607 1446 1659; baseline -0.002 -12"><span class='ocrx_word' id='word_1_143' title='bbox 255 1607 475 1659; x_wconf 81' lang='lat' dir='ltr'>Sanguinis</span> <span class='ocrx_word' id='word_1_144' title='bbox 495 1612 569 1646; x_wconf 86' lang='lat' dir='ltr'>aut</span> <span class='ocrx_word' id='word_1_145' title='bbox 590 1608 760 1658; x_wconf 88' lang='lat' dir='ltr'>aliquid,</span> <span class='ocrx_word' id='word_1_146' title='bbox 782 1612 926 1647; x_wconf 92' lang='lat' dir='ltr'>nostro</span> <span class='ocrx_word' id='word_1_147' title='bbox 946 1620 1054 1659; x_wconf 88' lang='lat' dir='ltr'>quae</span> <span class='ocrx_word' id='word_1_148' title='bbox 1074 1620 1244 1659; x_wconf 88' lang='lat' dir='ltr'>corpore</span> <span class='ocrx_word' id='word_1_149' title='bbox 1264 1608 1446 1653; x_wconf 88' lang='lat' dir='ltr'>aluntur,</span> 
     </span>
     <span class='ocr_line' id='line_1_23' title="bbox 255 1669 1395 1720; baseline -0.001 -11"><span class='ocrx_word' id='word_1_150' title='bbox 255 1669 358 1709; x_wconf 89' lang='lat' dir='ltr'>Cum</span> <span class='ocrx_word' id='word_1_151' title='bbox 381 1669 506 1720; x_wconf 89' lang='lat' dir='ltr'>lapidi</span> <span class='ocrx_word' id='word_1_152' title='bbox 527 1669 569 1708; x_wconf 92' lang='lat' dir='ltr'>in</span> <span class='ocrx_word' id='word_1_153' title='bbox 590 1670 771 1720; x_wconf 87' lang='lat' dir='ltr'>lapidem</span> <span class='ocrx_word' id='word_1_154' title='bbox 793 1670 978 1717; x_wconf 86' lang='lat' dir='ltr'>terimus,</span> <span class='ocrx_word' id='word_1_155' title='bbox 999 1682 1170 1710; x_wconf 80' lang='lat' dir='ltr'>manare</span> <span class='ocrx_word' id='word_1_156' title='bbox 1190 1681 1395 1709; x_wconf 89' lang='lat' dir='ltr'>cruorem:</span> 
     </span>
     <span class='ocr_line' id='line_1_24' title="bbox 256 1730 1504 1783; baseline 0.002 -14"><span class='ocrx_word' id='word_1_157' title='bbox 256 1730 465 1770; x_wconf 89' lang='lat' dir='ltr'>Consimili</span> <span class='ocrx_word' id='word_1_158' title='bbox 486 1731 646 1770; x_wconf 88' lang='lat' dir='ltr'>ratione</span> <span class='ocrx_word' id='word_1_159' title='bbox 665 1731 815 1770; x_wconf 91' lang='lat' dir='ltr'>herbas</span> <span class='ocrx_word' id='word_1_160' title='bbox 835 1744 1002 1782; x_wconf 90' lang='lat' dir='ltr'>quoque</span> <span class='ocrx_word' id='word_1_161' title='bbox 1021 1744 1143 1783; x_wconf 89' lang='lat' dir='ltr'>saepe</span> <span class='ocrx_word' id='word_1_162' title='bbox 1163 1732 1339 1771; x_wconf 90' lang='lat' dir='ltr'>decebat</span> <span class='ocrx_word' id='word_1_163' title='bbox 1438 1737 1504 1775; x_wconf 86' lang='lat'>885</span> 
     </span>
     <span class='ocr_line' id='line_1_25' title="bbox 256 1793 1182 1845; baseline 0.002 -14"><span class='ocrx_word' id='word_1_164' title='bbox 256 1793 313 1832; x_wconf 88' lang='lat' dir='ltr'>Et</span> <span class='ocrx_word' id='word_1_165' title='bbox 332 1793 475 1832; x_wconf 87' lang='lat' dir='ltr'>latices</span> <span class='ocrx_word' id='word_1_166' title='bbox 495 1793 627 1832; x_wconf 89' lang='lat' dir='ltr'>dulcis</span> <span class='ocrx_word' id='word_1_167' title='bbox 646 1797 790 1844; x_wconf 88' lang='lat' dir='ltr'>guttas</span> <span class='ocrx_word' id='word_1_168' title='bbox 809 1793 1016 1844; x_wconf 87' lang='lat' dir='ltr'>similique</span> <span class='ocrx_word' id='word_1_169' title='bbox 1036 1806 1182 1845; x_wconf 90' lang='lat' dir='ltr'>sapore</span> 
     </span>
     <span class='ocr_line' id='line_1_26' title="bbox 257 1854 1219 1906; baseline 0.001 -13"><span class='ocrx_word' id='word_1_170' title='bbox 257 1854 434 1901; x_wconf 85' lang='lat' dir='ltr'>Mittere,</span> <span class='ocrx_word' id='word_1_171' title='bbox 456 1855 661 1905; x_wconf 85' lang='lat' dir='ltr'>lanigerae</span> <span class='ocrx_word' id='word_1_172' title='bbox 682 1855 795 1906; x_wconf 88' lang='lat' dir='ltr'>quali</span> <span class='ocrx_word' id='word_1_173' title='bbox 815 1859 914 1894; x_wconf 92' lang='lat' dir='ltr'>sunt</span> <span class='ocrx_word' id='word_1_174' title='bbox 934 1856 1059 1894; x_wconf 91' lang='lat' dir='ltr'>ubere</span> <span class='ocrx_word' id='word_1_175' title='bbox 1078 1855 1219 1902; x_wconf 74' lang='lat' dir='ltr'>lactis:</span> 
     </span>
     <span class='ocr_line' id='line_1_27' title="bbox 186 1915 1152 1968; baseline 0 -12"><span class='ocrx_word' id='word_1_176' title='bbox 186 1915 233 1967; x_wconf 82' lang='lat' dir='ltr'>(b)</span> <span class='ocrx_word' id='word_1_177' title='bbox 257 1915 420 1956; x_wconf 86' lang='lat' dir='ltr'>Scilicet</span> <span class='ocrx_word' id='word_1_178' title='bbox 440 1921 482 1956; x_wconf 94' lang='lat' dir='ltr'>et</span> <span class='ocrx_word' id='word_1_179' title='bbox 502 1916 631 1968; x_wconf 90' lang='lat' dir='ltr'>glebis</span> <span class='ocrx_word' id='word_1_180' title='bbox 651 1921 855 1956; x_wconf 86' lang='lat' dir='ltr'>terrarum</span> <span class='ocrx_word' id='word_1_181' title='bbox 875 1929 998 1968; x_wconf 87' lang='lat' dir='ltr'>saepe</span> <span class='ocrx_word' id='word_1_182' title='bbox 1018 1917 1152 1956; x_wconf 86' lang='lat' dir='ltr'>friatis</span> 
     </span>
     <span class='ocr_line' id='line_1_28' title="bbox 308 2002 893 2043; baseline 0.002 -10"><span class='ocrx_word' id='word_1_183' title='bbox 308 2002 374 2043; x_wconf 86' lang='lat'>864</span> <span class='ocrx_word' id='word_1_184' title='bbox 400 2002 450 2034; x_wconf 80' lang='lat' dir='ltr'>sic</span> <span class='ocrx_word' id='word_1_185' title='bbox 476 2002 694 2043; x_wconf 76' lang='lat' dir='ltr'>interpunxit</span> <span class='ocrx_word' id='word_1_186' title='bbox 712 2002 893 2035; x_wconf 82' lang='lat' dir='ltr'>Giussani.</span> 
     </span>
    </p>
   </div>
   <div class='ocr_carea' id='block_1_5' title="bbox 311 2049 979 2090">
    <p class='ocr_par' dir='ltr' id='par_1_7' title="bbox 311 2049 979 2090">
     <span class='ocr_line' id='line_1_29' title="bbox 311 2049 979 2090; baseline 0.004 -11"><span class='ocrx_word' id='word_1_187' title='bbox 311 2049 378 2080; x_wconf 83' lang='lat'>866</span> <span class='ocrx_word' id='word_1_188' title='bbox 406 2050 522 2080; x_wconf 85' lang='lat' dir='ltr'>mixto</span> <span class='ocrx_word' id='word_1_189' title='bbox 540 2050 754 2086; x_wconf 77' lang='lat' dir='ltr'>Lachmann,</span> <span class='ocrx_word' id='word_1_190' title='bbox 775 2050 892 2081; x_wconf 85' lang='lat' dir='ltr'>mixta</span> <span class='ocrx_word' id='word_1_191' title='bbox 909 2050 979 2090; x_wconf 80' lang='lat' dir='ltr'>OQ.</span> 
     </span>
    </p>
   </div>
   <div class='ocr_carea' id='block_1_6' title="bbox 309 2095 1501 2174">
    <p class='ocr_par' dir='ltr' id='par_1_8' title="bbox 309 2095 1501 2174">
     <span class='ocr_line' id='line_1_30' title="bbox 309 2095 1501 2138; baseline 0.001 -12"><span class='ocrx_word' id='word_1_192' title='bbox 309 2096 375 2137; x_wconf 89' lang='lat'>873</span> <span class='ocrx_word' id='word_1_193' title='bbox 404 2095 595 2128; x_wconf 87' lang='lat' dir='ltr'>Praeterea</span> <span class='ocrx_word' id='word_1_194' title='bbox 615 2097 721 2127; x_wconf 89' lang='lat' dir='ltr'>tellus</span> <span class='ocrx_word' id='word_1_195' title='bbox 742 2107 835 2138; x_wconf 88' lang='lat' dir='ltr'>quae</span> <span class='ocrx_word' id='word_1_196' title='bbox 858 2107 1008 2137; x_wconf 86' lang='lat' dir='ltr'>corpora</span> <span class='ocrx_word' id='word_1_197' title='bbox 1030 2106 1186 2137; x_wconf 90' lang='lat' dir='ltr'>cumque</span> <span class='ocrx_word' id='word_1_198' title='bbox 1206 2097 1272 2128; x_wconf 85' lang='lat' dir='ltr'>alit</span> <span class='ocrx_word' id='word_1_199' title='bbox 1297 2100 1406 2137; x_wconf 88' lang='lat' dir='ltr'>auget</span> <span class='ocrx_word' id='word_1_200' title='bbox 1432 2096 1501 2137; x_wconf 80' lang='lat' dir='ltr'>OQ,</span> 
     </span>
     <span class='ocr_line' id='line_1_31' title="bbox 407 2143 742 2174; baseline 0.003 -1"><span class='ocrx_word' id='word_1_201' title='bbox 407 2143 544 2174; x_wconf 79' lang='lat' dir='ltr'>seclusit</span> <span class='ocrx_word' id='word_1_202' title='bbox 562 2143 742 2174; x_wconf 82' lang='lat' dir='ltr'>Giussani.</span> 
     </span>
    </p>
   </div>
   <div class='ocr_carea' id='block_1_7' title="bbox 310 2189 965 2277">
    <p class='ocr_par' dir='ltr' id='par_1_9' title="bbox 310 2189 965 2277">
     <span class='ocr_line' id='line_1_32' title="bbox 310 2189 965 2231; baseline 0.002 -11"><span class='ocrx_word' id='word_1_203' title='bbox 310 2189 375 2229; x_wconf 85' lang='lat'>885</span> <span class='ocrx_word' id='word_1_204' title='bbox 394 2190 524 2220; x_wconf 88' lang='lat' dir='ltr'>herbas</span> <span class='ocrx_word' id='word_1_205' title='bbox 541 2190 732 2226; x_wconf 79' lang='lat' dir='ltr'>Marullus,</span> <span class='ocrx_word' id='word_1_206' title='bbox 753 2190 873 2221; x_wconf 89' lang='lat' dir='ltr'>herbis</span> <span class='ocrx_word' id='word_1_207' title='bbox 895 2189 965 2231; x_wconf 77' lang='lat' dir='ltr'>OQ.</span> 
     </span>
     <span class='ocr_line' id='line_1_33' title="bbox 310 2236 743 2277; baseline 0.007 -11"><span class='ocrx_word' id='word_1_208' title='bbox 310 2236 376 2277; x_wconf 90' lang='lat'>887</span> <span class='ocrx_word' id='word_1_209' title='bbox 394 2237 493 2277; x_wconf 88' lang='lat' dir='ltr'>quali</span> <span class='ocrx_word' id='word_1_210' title='bbox 511 2236 549 2277; x_wconf 81' lang='lat' dir='ltr'>Q,</span> <span class='ocrx_word' id='word_1_211' title='bbox 569 2237 686 2277; x_wconf 85' lang='lat' dir='ltr'>qualis</span> <span class='ocrx_word' id='word_1_212' title='bbox 703 2237 743 2269; x_wconf 89' lang='lat' dir='ltr'>O.</span> 
     </span>
    </p>
   </div>
  </div>
 </body>
</html>
