1571 2476
597 195 770 233 LIBER
799 195 1007 234 PRIMVS
1370 205 1417 244 25

179 300 298 340 Adde
318 298 444 338 etiam
466 298 536 350 qui
557 299 851 350 conduplicant
872 299 1096 350 primordia
1116 312 1263 345 rerum,

177 362 286 401 Aera
303 360 521 411 iungentes
541 360 624 411 igni
645 365 879 411 terramque
899 360 1059 411 liquori,

179 423 236 462 Et
255 422 327 474 qui
347 426 549 473 quattuor
568 435 618 460 ex
639 422 760 460 rebus
780 434 898 472 posse
918 422 1057 460 omnia
1077 426 1218 460 rentur

179 485 244 524 Ex
262 483 359 536 igni,
382 487 491 522 terra
511 488 638 534 atque
658 483 797 522 anima
816 496 1068 534 procrescere
1088 487 1130 522 et
1149 483 1281 521 imbri.
1354 497 1417 528 715

180 547 365 597 Quorum
386 545 690 595 Acragantinus
710 557 803 583 curn
824 544 967 595 primis
986 545 1256 595 Empedocles
1277 548 1350 590 est,

180 607 321 646 Insula
340 619 464 658 quem
486 606 697 656 triquetris
718 610 919 645 terrarum
939 606 1062 656 gessit
1083 606 1125 644 in
1145 606 1237 651 oris,

180 669 315 720 Quam
335 668 504 707 fluitans
524 667 677 706 circum
698 667 857 718 magnis
877 667 1133 706 anfractibus
1153 679 1306 717 aequor

180 730 344 770 Ionium
363 729 518 781 glaucis
538 728 721 780 aspargit
741 729 853 767 uirus
873 729 926 767 ab
947 729 1080 775 undis,

180 793 452 843 Angustoque
472 791 580 829 fretu
602 791 792 841 rapidum
814 803 925 828 mare
945 790 1095 828 diuidit
1116 789 1236 828 undis
1354 803 1420 834 720

182 854 330 893 Italiae
349 857 554 892 terrarum
575 865 667 890 oras
687 864 711 890 a
731 851 881 890 finibus
901 851 997 890 eius.

182 916 262 954 Hic
281 919 343 954 est
364 919 485 953 uasta
506 913 748 964 Charybdis,
770 917 812 951 et
832 913 897 951 hic
917 913 1103 951 Aetnaea
1122 912 1334 950 minantur

182 978 394 1016 Murmura
413 976 675 1014 flammarum
696 987 834 1013 rursus
853 987 895 1012 se
915 974 1099 1024 colligere
1118 973 1211 1019 iras,

182 1038 389 1078 Faucibus
408 1043 578 1088 eruptos
597 1037 746 1075 iterum
770 1036 831 1074 uis
851 1040 898 1074 ut
918 1040 1061 1074 uomat
1081 1035 1197 1085 ignis,

182 1101 248 1140 Ad
267 1101 510 1150 caelumque
531 1099 636 1137 ferat
656 1098 839 1136 flammai
861 1098 1022 1147 fulgura
1042 1109 1214 1134 rursum.
1356 1109 1395 1139 72
1401 1109 1420 1139 5

183 1163 298 1214 Quae
317 1174 412 1201 cum
433 1173 585 1211 magna
603 1159 738 1199 modis
757 1158 899 1197 multis
919 1158 1108 1196 miranda
1127 1157 1292 1196 uidetur

182 1223 387 1264 Gentibus
406 1222 600 1261 humanis
620 1221 729 1272 regio
750 1220 1002 1270 uisendaque
1023 1220 1164 1264 fertur,

185 1286 325 1325 Rebus
344 1285 484 1336 opima
504 1283 635 1329 bonis,
657 1283 790 1321 multa
810 1281 972 1320 munita
993 1281 1127 1319 uirum
1149 1280 1202 1326 ui,

182 1348 251 1387 Nil
272 1352 413 1386 tamen
433 1346 511 1385 hoc
530 1344 723 1384 habuisse
744 1343 832 1383 uiro
851 1342 1099 1394 praeclarius
1118 1341 1160 1380 in
1180 1354 1222 1380 se

182 1410 269 1448 Nec
288 1413 480 1448 sanctum
501 1407 631 1457 magis
652 1410 693 1445 et
714 1405 863 1444 mirum
884 1416 1107 1454 carumque
1127 1403 1303 1441 uidetur.
1357 1416 1422 1447 730

184 1470 377 1510 Carmina
396 1470 497 1520 quin
518 1469 644 1507 etiam
666 1467 795 1506 diuini
816 1466 992 1517 pectoris
1013 1466 1098 1503 eius

184 1532 475 1572 vociferantur
494 1535 535 1569 et
556 1534 770 1580 exponunt
790 1528 1000 1579 praeclara
1021 1530 1194 1577 reperta,

184 1596 241 1634 Vt
261 1594 332 1634 uix
351 1594 536 1632 humana
556 1592 749 1630 uideatur
768 1590 895 1640 stirpe
915 1592 1088 1628 creatus.

239 1724 319 1763 Hic
339 1727 493 1769 tamen,
515 1726 557 1760 et
576 1734 701 1772 supra
721 1732 825 1771 quos
845 1719 1036 1763 diximus,
1058 1717 1267 1756 inferiores

186 1785 381 1825 Partibus
401 1784 557 1835 egregie
578 1782 720 1821 multis
740 1782 955 1831 multoque
975 1780 1163 1824 minores,
1359 1791 1424 1822 735

186 1848 464 1898 Quamquam,
486 1846 620 1884 multa
639 1845 743 1882 bene
764 1856 811 1881 ac
831 1841 1031 1880 diuinitus
1051 1840 1319 1885 inuenientes,
1420 1846 1423 1850 ⁴

186 1910 252 1948 Ex
271 1909 402 1960 adyto
422 1912 640 1958 tamquam
662 1904 795 1944 cordis
816 1915 1008 1954 responsa
1029 1902 1175 1941 dedere

187 1970 379 2010 Sanctius
399 1973 441 2009 et
460 1969 594 2007 multo
615 1972 728 2006 certa
747 1966 906 2004 ratione
926 1964 1056 2014 magis
1076 1976 1201 2014 quarn

188 2032 354 2083 Pythia,
375 2043 482 2082 quae
504 2029 657 2080 tripodi
677 2041 701 2067 a
722 2026 877 2066 Phoebi
898 2027 1095 2075 lauroque
1114 2024 1315 2075 profatur,

189 2093 404 2144 Principiis
424 2097 565 2131 tamen
585 2091 628 2129 in
648 2102 784 2129 rerum
805 2088 934 2127 fecere
955 2087 1105 2132 ruinas,
1362 2097 1429 2130 740

188 2156 245 2194 Et
264 2149 449 2206 grauiter
465 2152 605 2204 magni
624 2163 776 2202 magno
796 2149 975 2189 cecidere
996 2147 1051 2186 ibi
1072 2158 1188 2193 casu:

123 2216 165 2268 (i)
189 2217 388 2262 Primum,
409 2215 524 2266 quod
541 2218 694 2257 motus,
716 2215 912 2262 exempto
931 2210 1052 2249 rebus
1071 2207 1197 2254 inani,
