1571 2476
600 199 775 238 LIBER
804 198 1012 237 PRIMVS
1380 209 1425 235 11

182 305 269 344 Nec
289 305 443 343 calidos
464 308 602 342 aestus
624 303 794 349 tuimur,
815 315 890 341 nec
911 302 1062 352 frigora
1083 301 1248 351 quimus
1364 315 1428 346 300

183 367 391 417 Vsurpare
412 366 553 409 oculis,
576 378 648 403 nec
670 377 791 403 uoces
812 376 974 402 cernere
994 375 1178 407 suemus余

185 428 299 479 Quae
321 433 462 466 tamen
483 427 623 465 omnia
643 438 839 476 corporea
859 432 1047 464 constare
1068 427 1271 462 necessest

186 490 362 535 Natura,
385 489 583 540 quoniam
602 500 745 526 sensus
765 488 972 537 impellere
994 488 1180 536 possunt.

185 552 370 602 Tangere
392 550 502 588 enirn
524 555 565 588 et
588 550 716 600 tangi,
739 549 817 587 nisi
839 560 999 598 corpus,
1024 547 1137 585 nulla
1158 550 1295 597 potest
1318 559 1390 583 res.

90 615 161 666 (iii)
185 613 388 664 Denique,
411 612 644 662 fluctifrago
665 622 887 661 suspensae
907 610 949 648 in
970 610 1088 647 litore
1110 611 1244 646 uestes
1367 622 1430 652 305

187 675 415 720 Vuescunt,
438 674 606 712 eaedem
626 673 845 723 dispansae
865 672 908 710 in
927 671 1010 709 sole
1031 674 1239 708 serescunt
1251 682 1258 715 余

188 737 244 775 At
266 748 412 788 neque,
434 747 517 786 quo
538 740 662 786 pacto
683 733 908 785 persederit
928 744 1047 771 umor
1067 731 1204 782 aquai,

189 798 390 843 Visumst,
412 809 486 836 nec
507 809 669 835 rursum
690 808 773 847 quo
794 799 917 846 pacto
938 794 1089 844 fugerit
1109 796 1240 832 aestu.

191 860 240 899 In
264 871 414 911 paruas
434 858 560 909 igitur
580 858 710 908 partis
730 857 980 908 dispergitur
999 867 1131 900 umor,

192 922 304 972 Quas
324 921 432 960 oculi
452 921 565 959 nulla
585 924 759 970 possunt
781 919 939 957 ratione
960 917 1111 955 uidere.
1371 927 1437 959 310

93 986 163 1036 (iv)
194 984 302 1034 Quin
323 984 464 1028 etiam,
487 982 628 1020 multis
648 981 744 1019 solis
765 979 1034 1019 redeuntibus
1054 977 1185 1022 annis,

193 1046 354 1083 Anulus
374 1046 416 1083 in
436 1043 567 1094 digito
587 1043 731 1081 subter
750 1046 948 1080 tenuatur
966 1039 1173 1084 habendo,

194 1106 369 1146 Stilicidi
389 1118 509 1145 casus
529 1104 711 1155 lapidem
730 1108 868 1149 cauat,
890 1114 1020 1141 uncus
1041 1100 1167 1139 aratri

194 1168 366 1207 Ferreus
387 1167 547 1206 occulte
567 1166 765 1205 decrescit
786 1176 928 1203 uomer
948 1164 990 1202 in
1011 1162 1133 1208 aruis,

196 1230 421 1281 Strataque
442 1230 525 1268 iarn
546 1228 655 1278 uolgi
677 1227 851 1278 pedibus
871 1225 1026 1265 detrita
1046 1224 1208 1263 uiarum
1374 1234 1439 1267 315

197 1292 332 1331 Saxea
351 1292 646 1342 conspicimus余
669 1294 774 1334 tum,
796 1292 938 1339 portas
958 1290 1139 1337 propter,
1161 1296 1265 1322 aena

197 1354 323 1405 Signa
343 1365 491 1393 manus
511 1353 681 1391 dextras
700 1350 929 1388 ostendunt
950 1347 1167 1387 adtenuari

199 1416 329 1467 Saepe
349 1417 610 1454 salutantum
631 1417 749 1452 tactu
770 1416 1015 1462 praeterque
1035 1413 1261 1448 meantum.

198 1477 315 1517 Haec
334 1478 460 1529 igitur
481 1476 624 1521 minui,
646 1488 741 1514 cum
761 1478 858 1512 sunt
879 1472 1046 1517 detrita,
1068 1470 1275 1514 uidemus余

200 1540 292 1585 Sed,
315 1552 422 1590 quae
442 1549 615 1589 corpora
634 1536 839 1575 decedant
859 1535 900 1573 in
922 1538 1106 1583 tempore
1127 1542 1304 1582 quoque,
1378 1541 1444 1574 320

201 1601 352 1641 Inuida
372 1600 594 1652 praeclusit
614 1598 792 1649 speciem
812 1601 965 1635 natura
984 1593 1164 1633 uidendi.

119 1667 175 1718 (v)
199 1665 428 1709 Postremo,
450 1672 738 1713 quaecumque
758 1659 844 1698 dies
865 1662 1098 1707 naturaque
1119 1655 1241 1693 rebus

203 1725 413 1765 Paulatim
433 1723 594 1768 tribuit,
617 1720 866 1760 moderatim
886 1730 1062 1758 crescere
1083 1728 1244 1767 cogens,

203 1788 328 1827 Nulla
348 1790 488 1838 potest
507 1785 721 1824 oculorum
742 1783 848 1821 acies
867 1784 1068 1820 contenta
1086 1778 1212 1824 tueri:

203 1851 290 1889 Nec
310 1861 431 1900 porro
452 1857 738 1898 quaecumque
759 1856 864 1884 aeuo
883 1842 1095 1892 macieque
1114 1841 1345 1883 senescunt,
1382 1850 1422 1882 32
1427 1849 1446 1881 5

204 1912 291 1951 Nec
311 1922 424 1950 mare
444 1921 551 1960 quae
571 1907 814 1958 impendent
835 1916 956 1943 uesco
975 1903 1059 1942 sale
1078 1914 1180 1940 saxa
1199 1911 1354 1951 peresa,

206 1973 315 2025 Quid
335 1983 502 2024 quoque
522 1971 723 2009 amittant
743 1968 785 2006 in
806 1972 992 2017 ternpore
1012 1975 1174 2003 cernere
1194 1961 1337 2013 possis.

206 2034 456 2086 Corporibus
476 2032 607 2072 caecis
626 2030 753 2081 igitur
772 2033 924 2068 natura
943 2026 1047 2078 gerit
1067 2037 1141 2064 res.

260 2158 348 2199 Nec
367 2161 510 2197 tamen
529 2155 713 2205 undique
734 2163 930 2203 corporea
948 2149 1107 2201 stipata
1125 2150 1320 2186 tenentur

517 2246 584 2279 319
602 2239 688 2268 sunt
703 2234 842 2277 scripsi,
860 2233 934 2266 sint
950 2231 1021 2273 OQ.
