1571 2476
520 201 694 240 LIBER
723 199 933 240 PRIMVS
1297 207 1348 248 37

100 308 247 349 Omnis
267 306 377 346 enirn
398 307 511 345 locus
531 318 579 345 ac
599 305 796 356 spatium,
818 304 932 356 quod
952 304 1072 342 inane
1091 315 1294 348 uocamuS,

102 370 180 409 Per
199 368 396 414 medium,
419 380 491 418 per
510 380 593 406 non
613 367 810 412 medium,
832 366 1054 405 concedere
1073 364 1177 403 debet
1262 376 1348 408 1075

103 432 245 482 Aeque
266 429 531 481 ponderibus,
553 433 693 468 motus
714 439 977 478 quacumque
997 426 1197 465 feruntur.

104 493 190 531 Nee
210 491 431 543 quisquam
452 491 566 528 locus
586 494 660 535 est,
683 502 766 540 quo
786 501 960 539 corpora
979 500 1073 526 cum
1094 490 1310 530 uenerunt,

105 553 303 593 Ponderis
323 552 475 591 amissa
496 552 537 590 ui
558 551 718 602 possint
738 554 848 589 stare
868 549 911 589 in
930 549 1062 595 inani;

104 616 190 655 Nec
210 614 324 666 quod
343 614 465 652 inane
486 618 628 651 autem
649 617 711 651 est
732 611 803 650 ulli
822 611 1045 650 subsistere
1065 610 1202 655 debet,

105 677 228 728 Quin,
250 689 325 715 sua
345 675 459 726 quod
478 680 631 713 natura
650 673 770 725 petit,
792 673 1015 712 concedere
1034 675 1192 723 pergat.
1266 675 1353 705 1080

107 739 234 778 Haud
254 738 380 789 igitur
399 740 575 788 possunt
596 735 670 775 tali
690 735 850 774 ratione
871 733 1001 774 teneri

108 801 190 840 Res
209 800 252 839 in
272 798 458 844 concilio,
480 797 606 836 medii
626 796 858 847 cuppedine
878 795 1026 835 uictae.

162 925 393 969 Praeterea,
417 921 616 972 quoniam
639 932 723 959 non
745 919 885 959 omnia
906 930 1079 970 corpora
1100 917 1264 968 fingunt

110 987 159 1026 In
179 985 362 1025 medium
384 984 474 1029 niti,
496 983 569 1022 sed
590 987 792 1022 terrarum
813 986 940 1032 atque
960 979 1142 1031 liquoris,

109 1049 303 1088 Vmorem
314 1045 433 1098 ponti
443 1056 698 1096 magnasque
710 1056 732 1082 e
745 1043 958 1082 montibus
972 1042 1118 1086 undas,
1132 1046 1219 1084 1085
1233 1039 1354 1089 [1086]

109 1111 166 1149 Et
186 1108 305 1161 quasi
327 1113 489 1148 terreno
509 1119 617 1158 quae
636 1117 806 1156 corpore
826 1104 1132 1148 contineantur,
1233 1100 1354 1151 [1085]

110 1173 167 1212 At
188 1175 334 1210 contra
355 1168 492 1210 tenuis
512 1172 729 1220 exponunt
749 1166 854 1206 aeris
873 1178 996 1205 auras

110 1234 167 1273 Et
188 1233 343 1272 calidos
362 1231 485 1271 simul
505 1243 531 1270 a
549 1229 686 1269 medio
706 1228 906 1268 differrier
925 1227 1042 1278 ignis,

110 1296 250 1347 Atque
270 1294 364 1334 ideo
384 1297 523 1333 toturn
544 1291 698 1331 circum
719 1295 894 1330 tremere
914 1289 1083 1328 aethera
1102 1286 1227 1338 signis

112 1358 169 1397 Et
188 1356 285 1396 solis
304 1356 517 1395 flammam
539 1366 612 1406 per
631 1353 732 1392 caeli
753 1352 916 1392 caerula
936 1350 1061 1402 pasci,
1272 1359 1360 1389 1090

112 1419 234 1471 Quod
254 1419 366 1457 calor
384 1430 410 1457 a
428 1416 566 1456 medio
587 1415 747 1466 fugiens
766 1426 809 1453 se
828 1413 885 1452 ibi
906 1412 1071 1462 colligat
1092 1409 1244 1455 omnis2

113 1482 199 1520 Nec
219 1492 408 1532 prorsum
430 1478 647 1517 arboribus
667 1488 852 1516 summos
872 1474 1128 1514 frondescere
1149 1482 1285 1510 ramos

114 1543 252 1588 Posse,
274 1542 351 1580 nisi
372 1554 397 1580 a
417 1539 536 1580 terris
556 1538 761 1591 paulatim
782 1537 930 1589 cuique
950 1535 1134 1575 cibatum

1276 1668 1362 1698 1095

1279 1975 1368 1999 1100

170 2109 372 2147 1068—1075
403 2106 463 2137 hos
489 2113 609 2136 uersus
639 2102 763 2134 omittit
793 2101 833 2142 Q,
860 2099 998 2130 mutilos
1029 2097 1124 2128 habet
1155 2096 1194 2132 Ο,
1219 2094 1369 2135 expleuit

119 2156 263 2188 Munro.

171 2202 268 2240 1085,
293 2199 380 2231 1086
397 2196 616 2238 transposuit
641 2195 824 2228 Giussam'.

171 2257 299 2288 1093-1
311 2255 372 2278 102
391 2245 547 2287 spatium
564 2247 633 2276 octo
652 2251 817 2273 uersuum
834 2241 940 2271 inane
958 2237 1120 2278 relinquit
1137 2235 1175 2267 Ο.
