1571 2476
135 176 184 216 18
471 173 548 211 DE
578 169 777 209 RERVM
806 165 1037 206 NATVRA

130 281 287 333 Corpus
306 291 356 319 63
373 291 457 318 11011
477 280 559 322 est;
581 287 664 326 qua
684 284 805 324 porro
825 281 1003 321 cumque
1024 271 1140 306 tenet
1159 278 1202 305 se

130 343 300 394 Corpus,
321 353 370 380 ea
388 351 569 379 uacuum
589 346 856 404 nequaquam
876 333 1042 370 constat
1061 329 1196 367 inane.

131 403 237 443 Sunt
256 403 382 454 igitur
400 401 532 440 solida
552 411 599 437 ac
618 397 705 436 sine
724 395 838 434 inani
858 404 1031 443 corpora
1051 390 1195 441 prima.
1308 401 1374 432 510

59 466 107 514 (b)
131 466 362 510 Praeterea,
384 462 581 531 quoniam
601 457 750 510 genitis
770 457 812 495 in
833 455 954 493 rebus
974 453 1150 497 inanest,

131 526 346 565 Materiem
366 525 520 563 circum
539 521 714 560 solidam
735 520 924 557 constare
944 516 1168 559 necessest;

130 588 217 627 Nec
236 600 299 626 res
319 587 403 625 ulla
423 587 561 636 potest
580 593 681 621 uera
700 580 860 619 ratione
880 576 1046 628 probari

130 648 336 700 Corpore
327 660 449 687 mane
469 658 544 684 suo
564 645 694 683 celare
714 645 842 692 atque
862 640 975 678 intus
994 637 1160 682 habere,

130 711 172 750 Si
188 723 285 757 non,
304 710 417 761 quod
433 708 612 751 cohibet,
631 704 809 743 solidum
826 704 1016 741 constare
1034 699 1259 748 relinquas.
1308 710 1373 740 515

132 773 181 812 Id
201 784 322 824 porro
342 771 399 810 nil
419 782 505 808 esse
525 771 664 820 potest
685 765 762 804 nisi
782 762 973 803 materiai

130 834 370 879 Concilium,
393 831 505 883 quod
525 831 646 868 inane
668 829 794 878 queat
815 837 951 864 rerum
971 822 1174 862 cohibere.

134 895 340 946 (Materies
359 894 496 945 igitur,
517 891 649 930 solido
669 900 776 940 quae
796 898 965 937 corpore
985 886 1165 929 constat,

131 958 231 996 Esse
251 960 421 995 aeterna
439 957 592 1006 potest,
614 964 709 991 cum
729 953 867 989 cetera
885 945 1196 995 dissoluantur.)

6 1021 58 1065 (ii)
81 1020 132 1070 (a)
154 1019 263 1058 Tum
282 1030 417 1069 porro,
437 1016 471 1054 si
491 1015 547 1054 nil
568 1017 675 1052 esset
696 1011 809 1063 quod
828 1011 949 1048 inane
971 1010 1153 1052 uocaret,
1309 1019 1375 1050 520

130 1080 264 1120 Omne
283 1080 390 1118 foret
409 1077 606 1121 solidum;
629 1075 720 1121 nisi,
741 1076 900 1118 contra,
922 1082 1096 1121 corpora
1114 1071 1228 1108 certa

130 1143 294 1188 Essent,
316 1153 422 1192 quae
442 1141 532 1178 loca
552 1137 806 1188 complerent
828 1144 1115 1185 quaecumque
1136 1133 1338 1175 tenerent,

131 1204 264 1243 Omne
284 1203 397 1254 quod
417 1205 479 1240 est
499 1199 696 1251 spatium,
718 1209 900 1236 uacuum
920 1195 1132 1233 constaret
1150 1192 1285 1230 inane.

130 1264 311 1304 Alternis
330 1264 456 1315 igitur
475 1262 671 1301 nimirum
691 1271 840 1310 corpus
860 1256 973 1295 inani

131 1327 442 1371 Distinctumst,
464 1323 663 1375 quoniam
683 1334 758 1360 nec
778 1320 947 1371 plenum
967 1317 1131 1356 nauiter
1151 1318 1270 1354 extat
1311 1329 1351 1359 52
1359 1329 1376 1359 5

131 1389 217 1428 Nec
236 1400 358 1440 porro
378 1399 571 1426 uacuum.
609 1384 715 1423 Sunt
735 1394 830 1433 ergo
851 1392 1024 1431 corpora
1043 1382 1171 1425 certa,

132 1451 247 1501 Quae
266 1449 450 1501 spatium
470 1448 592 1499 pleno
612 1445 773 1497 possint
793 1443 1046 1493 distinguere
1065 1440 1201 1479 inane.

132 1513 247 1551 Haec
267 1523 400 1562 neque
420 1508 590 1549 dissolui
610 1507 741 1559 plagis
761 1505 1016 1544 extrinsecus
1036 1503 1122 1541 icta

133 1575 325 1619 Possunt,
347 1585 421 1610 nec
442 1583 563 1622 porro
583 1569 750 1621 penitus
769 1569 991 1619 penetrata
1010 1563 1155 1610 retexi,

132 1636 218 1674 Nec
238 1635 397 1673 ratione
419 1635 578 1684 queunt
599 1631 680 1670 alia
699 1632 911 1680 temptata
929 1627 1089 1672 labare:
1312 1637 1378 1668 530

134 1697 183 1736 Id
203 1696 315 1747 quod
335 1696 418 1734 iam
438 1706 563 1745 supra
583 1693 661 1731 tibi
681 1692 820 1744 paullo
841 1689 1100 1729 ostendimus
1120 1689 1231 1726 ante.

133 1759 243 1797 Nam
262 1770 395 1808 neque
416 1756 553 1795 collidi
572 1755 658 1794 sine
678 1753 791 1793 inani
812 1764 931 1804 posse
951 1751 1118 1790 uidetur

134 1820 380 1871 Quicquam,
401 1831 475 1857 nec
496 1816 642 1868 frangi,
664 1828 739 1855 nec
759 1815 861 1853 findi
880 1814 922 1852 in
941 1813 1042 1852 bina
1061 1810 1253 1856 secando,

133 1882 220 1921 Nec
239 1893 385 1932 capere
404 1892 591 1919 umorem
611 1890 745 1928 neque
764 1877 866 1915 item
887 1874 1095 1914 manabile
1115 1873 1243 1923 frigus

132 1943 220 1982 Nec
235 1942 489 1994 penetralem
504 1942 654 1992 ignem,
672 1939 823 1990 quibus
838 1937 979 1976 omnia
993 1935 1281 1975 conficiuntur.
1313 1947 1377 1977 535

134 2005 190 2044 Et
210 2017 293 2056 quo
314 2015 502 2055 quaeque
523 2002 653 2053 magis
674 2001 840 2040 cohibet
861 2011 923 2037 res
942 1998 1057 2037 intus
1076 1997 1212 2041 inane,

133 2066 237 2106 Tam
258 2066 387 2116 magis
407 2065 470 2103 his
491 2065 612 2103 rebus
632 2063 799 2114 penitus
819 2063 1030 2112 temptata
1049 2057 1237 2098 labascit.

133 2127 257 2179 Ergo,
277 2127 312 2166 si
331 2127 463 2166 solida
482 2138 530 2164 ac
549 2125 636 2164 sine
655 2124 769 2163 inani
789 2134 963 2173 corpora
982 2120 1117 2172 prima

283 2218 351 2249 520
367 2210 514 2240 uocaret
532 2208 571 2248 Q,
591 2209 715 2238 ucaret
732 2206 771 2243 Ο,
791 2206 938 2236 uacaret
956 2204 983 2234 Ο
1001 2212 1085 2236 corr.
