1571 2476
159 187 209 216 10
496 174 573 213 DE
603 171 803 211 RERVM
832 170 1063 210 NATVRA

87 281 128 332 (i)
152 279 372 330 Principio,
393 278 510 317 uenti
530 278 594 316 uis
613 277 807 315 uerberat
826 275 956 313 incita
975 278 1155 324 pontum

157 341 424 393 Ingentisque
445 340 528 378 ruit
547 339 666 377 nauis
686 341 728 376 et
748 337 892 375 nubila
911 335 1070 381 differt3

157 403 388 448 Interdum,
410 401 554 452 rapido
575 411 814 451 percurrens
834 398 1000 436 turbine
1020 408 1203 447 campos,

156 465 384 504 Arboribus
404 463 563 513 magnis
583 461 745 506 sternit,
767 460 1003 509 montisque
1023 470 1238 509 supremos

156 526 383 576 Siluifragis
403 529 531 563 uexat
551 523 708 561 flabris:
730 522 792 561 ita
812 521 986 572 perfurit
1007 521 1091 559 acri
1335 533 1401 566 275

157 588 261 627 Cum
281 587 449 626 fremitu
470 586 686 635 saeuitque
706 583 857 622 minaci
879 594 1089 621 murmure
1108 586 1273 622 uentus

157 649 265 689 Sunt
284 649 411 699 igitur
429 647 544 686 uenti
565 647 761 685 nimirum
781 657 953 695 corpora
974 656 1108 689 caeca,

160 711 274 761 Quae
294 722 420 756 mare,
443 721 549 760 quae
569 713 712 753 terras,
735 719 841 758 quae
861 706 1040 756 denique
1059 705 1204 744 nubila
1222 705 1324 744 caeli

157 773 339 811 Verrunt
359 784 407 810 ac
426 771 566 809 subito
586 769 786 808 uexantia
805 767 971 807 turbine
992 771 1176 818 raptant.

159 834 245 873 Nec
265 834 424 872 ratione
444 833 581 871 fluunt
602 832 682 869 alia
701 835 966 881 stragemque
987 832 1221 880 propagant
1337 834 1405 864 280

159 896 215 934 Et
235 908 331 934 cum
350 895 484 934 mollis
505 906 638 945 aquae
658 893 789 931 fertur
808 896 961 930 natura
980 896 1150 942 repente

160 957 349 996 Flumine
369 955 615 1000 abundanti,
638 967 766 1005 quam
785 954 908 1004 largis
927 953 1129 992 imbribus
1151 955 1275 1003 auget

160 1019 373 1057 Montibus
392 1031 444 1057 ex
464 1017 559 1056 altis
579 1028 754 1067 magnus
774 1015 970 1054 decursus
991 1015 1128 1066 aquai,

159 1080 383 1131 Fragmina
401 1079 606 1119 coniciens
626 1079 826 1116 siluarum
846 1078 1100 1128 arbustaque
1120 1080 1232 1122 tota:

160 1142 247 1181 Nec
266 1141 394 1181 ualidi
414 1144 589 1192 possunt
609 1145 758 1191 pontes
778 1140 982 1178 uenientis
1004 1139 1128 1189 aquai
1339 1143 1406 1182 285

159 1203 256 1243 Vim
274 1203 460 1242 subitam
479 1203 672 1242 tolerare:
695 1202 756 1241 ita
776 1213 927 1251 magno
947 1201 1140 1239 turbidus
1159 1199 1282 1239 imbri

161 1265 339 1304 Molibus
358 1265 530 1304 incurrit
551 1264 700 1303 ualidis
720 1276 816 1302 cum
836 1263 993 1301 uiribus
1013 1262 1158 1301 amnis.

161 1328 246 1366 Dat
266 1327 407 1366 sonitu
426 1339 577 1377 magno
597 1331 791 1376 stragem,
813 1325 1030 1375 noluitque
1050 1325 1128 1363 sub
1148 1323 1271 1363 undis

162 1389 347 1428 Grandia
365 1401 468 1427 saxa
476 1400 485 1434 ;
507 1388 604 1434 ruit,
626 1400 710 1438 qua
730 1386 926 1438 quicquid
949 1386 1145 1425 fluctibus
1165 1387 1319 1425 obstat.

162 1451 227 1490 Sic
246 1451 373 1501 igitur
391 1451 546 1490 debent
565 1449 682 1488 uenti
703 1461 868 1499 quoque
889 1448 1059 1487 flamina
1079 1448 1187 1494 feni,
1342 1460 1409 1490 290

164 1513 291 1563 Quae,
313 1512 444 1552 ueluti
463 1512 651 1550 ualidum
671 1524 767 1550 cum
787 1510 941 1549 flumen
962 1511 1217 1561 procubuere

164 1574 403 1625 Quamlibet
422 1574 464 1612 in
484 1578 660 1624 partem,
682 1572 860 1611 trudunt
882 1584 944 1610 res
965 1577 1062 1611 ante
1083 1576 1294 1622 ruuntque

164 1636 397 1687 Impetibus
417 1635 581 1681 crebris,
603 1635 814 1673 interdum
835 1634 989 1673 uertice
1010 1638 1123 1673 torto

164 1698 401 1749 Corripiunt
421 1697 646 1748 rapideque
666 1695 824 1735 rotanti
844 1695 1010 1735 turbine
1031 1698 1215 1747 portant.

165 1760 300 1811 Quare
315 1759 443 1798 etiam
460 1764 586 1810 atque
602 1758 730 1797 etiam
745 1762 844 1797 sunt
860 1758 975 1796 uenti
991 1770 1164 1808 corpora
1180 1769 1314 1802 caeca,
1344 1770 1411 1801 295

165 1821 514 1873 Quandoquidem
534 1821 655 1859 factis
675 1824 717 1859 et
738 1820 922 1859 moribus
943 1820 1107 1858 aemula
1126 1819 1287 1870 magnis

164 1883 369 1923 Amnibus
388 1883 671 1928 inueniuntur,
694 1886 838 1932 aperto
859 1894 1028 1932 corpore
1050 1881 1120 1932 qui
1141 1885 1251 1920 sunt.

82 1947 138 1998 (ii)
161 1946 269 1984 Tum
288 1957 423 1996 porro,
445 1945 582 1983 uarios
603 1957 739 1982 rerum
760 1944 962 1982 sentimus
983 1944 1142 1988 odores,

165 2008 252 2047 Nec
271 2010 414 2046 tamen
435 2007 489 2045 ad
508 2007 618 2045 naris
638 2005 843 2044 uenientis
863 2006 1068 2044 cernimus
1089 2017 1304 2055 umquam,

214 2119 277 2151 271
298 2112 453 2151 pontum
472 2109 662 2145 Marullus,
682 2112 804 2140 cortus
822 2108 891 2149 OQ.

215 2159 281 2198 276
300 2161 431 2188 uentus
449 2156 654 2192 Markland,
674 2159 807 2196 pontus
826 2155 895 2195 OQ.

214 2213 279 2245 294
299 2204 496 2246 rapideque
513 2203 728 2239 Lachmann,
749 2203 938 2244 rapidique
956 2202 1015 2243 OQ
1034 2202 1169 2233 Ernout
1186 2201 1321 2234 soloece.
