1571 2476
528 227 702 266 LIBER
730 225 940 266 PRIMVS
1302 236 1352 277 29

112 332 331 383 Principio,
354 344 488 370 rerum
509 344 635 382 quom
657 331 757 369 dicit
777 330 1123 376 homoeomerian,

111 395 216 434 Ossa
236 393 428 432 uidelicet
447 405 468 431 e
489 392 680 443 pauxillis
700 398 827 442 atque
847 391 1018 430 minutis
1286 396 1351 435 835

112 456 283 496 Ossibus
303 454 381 500 hic,
404 458 446 492 et
466 454 516 492 de
536 453 728 504 pauxillis
748 458 875 503 atque
895 453 1066 491 minutis

112 516 346 557 Visceribus
366 516 501 554 uiscus
521 515 643 565 gigni,
665 527 932 565 sanguenque
951 514 1078 552 creari

113 577 332 629 Sanguinis
351 577 459 616 inter
478 589 520 615 se
540 576 683 615 multis
702 575 938 614 coeuntibu'
960 575 1103 625 guttis,

114 641 177 679 Ex
199 640 370 690 aurique
389 643 515 690 putat
535 637 650 676 micis
670 638 891 676 consistere
912 649 1029 687 posse

114 703 286 747 Aurum,
308 705 349 740 et
369 701 420 739 de
442 699 559 738 terris
580 704 732 738 terram
753 711 1008 737 concrescere
1029 698 1181 748 paruis,
1289 703 1354 742 840

116 764 286 815 Ignibus
305 775 357 801 ex
375 761 493 812 ignis,
516 773 700 799 umorem
722 760 933 799 umoribus
954 771 1058 804 esse;

115 826 260 864 Cetera
280 823 481 863 consimili
502 822 619 872 fingit
640 822 799 860 ratione
818 826 1037 872 putatque.

51 888 92 938 (i)
116 887 201 926 Nec
223 892 363 926 tamen
384 897 470 923 esse
491 885 573 923 ulla
593 884 702 922 idem
723 896 773 921 ex
793 887 911 933 parte
931 882 973 920 in
993 882 1114 920 rebus
1134 882 1254 920 inane

37 951 93 998 (ii)
116 948 327 994 Concedit,
349 959 483 997 neque
504 945 743 996 corporibus
764 945 887 982 finem
908 956 994 982 esse
1013 943 1211 982 secandis.

117 1011 252 1061 Quare
272 1010 314 1048 in
334 1013 512 1058 utraque
532 1007 633 1045 mihi
652 1006 807 1057 pariter
827 1006 986 1044 ratione
1006 1005 1172 1043 uidetur
1291 1010 1354 1049 845

118 1073 264 1110 Errare
285 1076 412 1121 atque
432 1070 501 1114 illi,
523 1081 648 1119 supra
668 1080 771 1119 quos
792 1067 972 1105 diximus
991 1071 1099 1105 ante.

22 1135 93 1185 (iii)
117 1134 235 1172 Adde
255 1133 368 1184 quod
388 1131 593 1170 imbecilla
613 1129 734 1168 nimis
754 1128 978 1179 primordia
999 1128 1128 1178 fingit,

120 1196 160 1234 Si
180 1194 405 1246 primordia
424 1197 535 1238 sunt,
556 1192 678 1230 simili
698 1203 805 1241 quae
825 1189 1014 1241 praedita
1034 1192 1227 1227 constant

120 1258 282 1296 Natura
301 1261 428 1306 atque
448 1255 561 1305 ipsae
582 1266 644 1292 res
664 1257 775 1298 sunt,
797 1264 1009 1302 aequeque
1028 1251 1219 1288 laborant

121 1320 176 1358 Et
196 1322 383 1370 pereunt,
406 1329 539 1367 neque
559 1316 612 1354 ab
633 1314 760 1352 exitio
780 1326 843 1352 res
863 1314 946 1351 ulla
966 1312 1155 1350 refrenat.
1294 1316 1360 1354 850

121 1381 229 1420 Nam
250 1380 351 1431 quid
371 1379 411 1417 in
433 1390 630 1429 oppressu
652 1376 789 1414 ualido
810 1374 978 1413 durabit
998 1386 1151 1418 eorum,

122 1444 177 1482 Vt
197 1448 374 1481 mortem
395 1440 580 1490 effugiat,
602 1438 673 1476 leti
693 1438 770 1475 sub
791 1436 985 1475 dentibus
1005 1435 1124 1485 ipsis?

124 1505 235 1556 Ignis
246 1517 299 1543 an
311 1515 430 1542 umor
441 1515 494 1540 an
506 1500 629 1539 aura?
660 1499 769 1549 Quid
779 1498 949 1537 horum?
980 1496 1170 1547 Sanguen
1182 1508 1235 1533 an
1246 1494 1358 1533 ossa?

124 1567 204 1613 Nil,
226 1570 274 1605 ut
294 1565 452 1616 opinor,
474 1562 545 1602 ubi
566 1575 616 1601 ex
636 1573 769 1611 aequo
790 1572 852 1598 res
872 1559 1060 1597 funditus
1080 1557 1212 1596 omnis

123 1629 227 1667 Tam
247 1626 434 1666 mortalis
455 1625 531 1664 erit
552 1636 678 1675 quam
699 1635 805 1673 quae
826 1620 1047 1659 manifesta
1066 1619 1254 1658 uidemus
1299 1624 1362 1661 855

125 1691 190 1729 Ex
210 1689 337 1728 oculis
357 1687 509 1727 nostris
529 1686 668 1736 aliqua
688 1684 730 1723 ui
750 1683 862 1722 uicta
881 1682 1022 1733 perire.

125 1753 182 1791 At
202 1763 335 1802 neque
356 1749 556 1789 reccidere
577 1748 630 1786 ad
651 1746 780 1785 nilum
801 1757 863 1783 res
883 1756 1013 1795 posse,
1036 1754 1169 1793 neque
1188 1744 1329 1793 autem

126 1814 313 1853 Crescere
333 1812 384 1851 de
403 1811 487 1850 nilo
508 1814 638 1849 testor
657 1820 720 1846 res
739 1811 837 1846 ante
857 1806 1066 1856 probatas.

182 1934 414 1978 Praeterea,
435 1928 633 1981 quoniam
654 1926 769 1965 cibus
789 1928 913 1975 auget
933 1935 1080 1973 corpus
1101 1921 1269 1970 alitque,

53 1998 105 2047 (a)
130 1995 238 2034 Scire
258 1994 354 2032 licet
373 1992 492 2032 nobis
513 2001 640 2029 uenas
660 1992 701 2026 et
721 1998 905 2037 sanguen
925 1989 966 2023 et
986 1996 1078 2022 ossa
1305 1986 1371 2015 860

131 2058 182 2096 Et
200 2068 342 2095 neruos
363 2051 599 2103 alienigenis
620 2063 665 2089 ex
682 2048 861 2100 partibus
882 2058 980 2091 esse;

132 2118 227 2158 Siue
246 2117 359 2156 cibos
379 2114 513 2155 omnis
533 2112 760 2152 commixto
781 2120 949 2160 corpore
969 2107 1106 2146 dicent

237 2205 303 2243 839
321 2210 502 2242 auraeque
519 2199 670 2238 Bentley.
733 2197 799 2236 840
816 2195 953 2226 Auram
969 2191 1121 2231 Bentley.

233 2251 316 2282 Post
334 2249 401 2280 860
418 2256 557 2278 uersum
575 2243 754 2286 suppleuit
771 2240 974 2272 Lambinus.
