1571 2476
217 207 267 247 32
557 195 634 234 DE
665 193 865 233 RERVM
894 192 1126 231 NATVRA

218 299 275 339 Et
294 299 473 338 lacrimis
492 298 609 337 salsis
629 301 842 336 umectent
862 309 934 334 ora
954 307 1174 346 genasque.
1397 307 1466 338 920

272 422 309 460 N
314 434 395 461 unc
413 434 501 472 age,
522 421 636 472 quod
655 423 842 470 superest
861 430 1060 469 cognosce
1080 422 1123 457 et
1141 418 1290 457 clarius
1310 418 1429 457 audi!

219 484 306 522 Nec
325 495 391 522 me
411 482 539 521 animi
559 482 665 520 fallit
685 494 812 532 quam
833 480 917 519 sint
936 480 1130 525 obscura;
1151 480 1224 518 sed
1243 479 1326 518 acri

221 544 427 584 Percussit
448 544 592 595 thyrso
612 542 746 581 laudis
765 555 858 593 spes
878 553 1031 592 magna
1049 554 1188 580 meum
1209 553 1291 588 cor,

220 606 277 645 Et
297 606 420 645 simul
438 605 611 644 incussit
631 616 803 643 suauem
823 603 880 641 mi
900 603 942 641 in
962 606 1108 653 pectus
1128 615 1311 641 amorem

222 667 447 713 Musarum,
469 679 552 718 quo
572 678 683 705 nunc
701 665 925 704 instinctus
944 668 1085 703 mente
1105 664 1261 715 uigenti
1399 677 1465 708 925

220 729 329 768 Auia
349 728 557 768 Pieridum
578 739 750 779 peragro
769 727 873 773 loca,
894 726 1046 765 nullius
1066 730 1165 764 ante

221 790 338 829 Trita
357 791 455 829 solo.
500 790 626 828 quat
646 789 828 839 integros
847 788 1041 827 accedere
1061 787 1189 826 fontis

222 852 363 903 Atque
381 851 558 898 haurire,
579 851 782 901 iuuatque
801 862 933 888 nouos
953 850 1169 900 decerpere
1188 849 1321 896 flores,

224 913 516 964 Insignemque
535 925 628 951 meo
648 912 776 963 capiti
796 916 935 962 petere
955 911 1051 950 inde
1071 924 1280 958 coronam,

224 976 346 1015 Unde
365 975 479 1026 prius
498 974 599 1013 nulli
619 973 797 1013 uelarint
818 978 1008 1026 tempora
1029 973 1188 1011 Musae:
1402 986 1469 1017 930

225 1036 424 1083 Primum,
445 1036 560 1087 quod
579 1035 739 1086 magnis
760 1036 887 1074 doceo
907 1035 958 1074 de
979 1036 1113 1081 rebus,
1136 1038 1178 1074 et
1197 1034 1299 1073 artis

224 1098 486 1149 Religionum
507 1097 692 1136 animum
713 1097 833 1136 nodis
853 1097 1064 1135 exsolvere
1084 1108 1227 1147 pergo;

224 1160 398 1206 Deinde,
419 1160 533 1211 quod
552 1160 728 1198 obscura
747 1159 798 1197 de
818 1171 860 1197 re
881 1163 969 1197 tam
990 1158 1128 1197 lucida
1146 1171 1284 1209 pango

224 1221 430 1268 Carmina,
451 1233 620 1260 musaeo
641 1220 883 1271 contingens
904 1224 1056 1259 cuncta
1075 1221 1223 1271 lepore.

225 1283 276 1322 Id
296 1295 461 1334 quoque
481 1282 591 1322 enim
611 1295 694 1321 non
715 1283 768 1321 ab
788 1283 902 1321 nulla
922 1281 1082 1321 ratione
1103 1282 1270 1321 uidetur
1278 1293 1287 1328 ;
1404 1296 1470 1326 935

225 1344 319 1391 Sed,
341 1344 471 1383 ueluti
491 1344 628 1395 pueris
648 1344 859 1383 absinthia
879 1348 1016 1383 taetra
1035 1344 1248 1382 medentes

226 1406 329 1445 Cum
349 1407 448 1445 dare
468 1411 684 1452 conantur,
707 1406 820 1456 prius
840 1418 932 1444 oras
952 1406 1101 1456 pocula
1121 1406 1274 1444 circum

226 1467 484 1519 Contingunt
503 1468 634 1506 mellis
654 1467 763 1506 dulci
784 1467 977 1518 flauoque
997 1467 1167 1518 liquore,

226 1530 283 1569 Vt
303 1542 525 1581 puerorum
545 1534 661 1568 aetas
680 1529 916 1580 improuida
935 1529 1171 1568 ludificetur

228 1592 457 1630 Labrorum
478 1595 612 1638 tenus,
633 1591 791 1630 interea
811 1595 1004 1642 perpotet
1024 1604 1213 1629 amarum
1405 1605 1473 1636 940

226 1652 422 1692 Absinthi
441 1653 607 1692 laticem
628 1653 886 1704 deceptaque
905 1665 989 1692 non
1010 1653 1212 1704 capiatur,

226 1714 308 1754 Sed
326 1714 466 1766 potius
487 1715 560 1754 tali
581 1719 705 1765 pacto
726 1719 910 1753 recreata
930 1715 1126 1760 ualescat,

227 1776 293 1816 Sic
312 1789 387 1828 ego
406 1789 529 1823 nunc,
552 1776 749 1827 quoniam
770 1777 872 1815 haec
892 1776 998 1815 ratio
1019 1777 1263 1827 plerumque
1283 1776 1450 1815 uidetur
1498 1768 1506 1774 ’

226 1837 400 1877 Tristior
418 1851 505 1877 esse
525 1839 676 1889 quibus
696 1851 779 1877 non
800 1842 862 1877 est
884 1842 1080 1885 tractata,
1102 1843 1295 1889 retroque

227 1901 382 1951 Volgus
401 1900 597 1939 abhorret
617 1900 670 1938 ab
690 1900 781 1946 hac,
804 1900 916 1938 uolui
937 1900 1013 1939 tibi
1033 1899 1342 1950 suauiloquenti
1406 1913 1473 1946 945

228 1961 417 2001 Carmine
438 1961 570 2000 Pierio
591 1962 794 2000 rationem
815 1974 1020 2012 exponere
1039 1966 1240 2008 nostram,

228 2024 284 2062 Et
304 2022 423 2074 quasi
441 2036 611 2062 musaeo
631 2023 741 2062 dulci
761 2024 999 2074 contingere
1019 2024 1151 2070 melle,

228 2085 270 2124 Si
291 2084 367 2124 tibi
387 2084 493 2124 forte
513 2084 699 2124 animum
721 2085 795 2124 tali
815 2085 975 2124 ratione
997 2091 1135 2124 tenere

227 2146 424 2186 Versibus
442 2146 484 2185 in
505 2146 656 2185 nostris
675 2159 852 2197 possem,
875 2147 974 2185 dum
996 2146 1192 2197 perspicis
1212 2159 1377 2185 omnem

227 2208 434 2248 Naturam
454 2220 604 2254 rerum,
626 2221 710 2259 qua
730 2212 893 2247 constet
913 2213 1082 2259 compta
1102 2209 1245 2259 figura.
1407 2221 1476 2254 950
