1571 2476
623 178 796 216 LIBER
826 178 1034 217 PRIMVS
1397 191 1445 230 17

203 279 298 318 Non
316 279 378 318 ita
397 279 459 317 uti
479 292 628 330 corpus
648 293 720 331 per
738 293 781 319 se
801 285 990 320 constare
1010 294 1143 333 neque
1162 294 1261 329 esse,

203 341 289 379 Nec
309 340 469 378 ratione
489 341 622 379 cluere
642 342 800 387 eadem,
823 355 906 393 qua
925 347 1085 381 constet
1107 344 1240 389 inane,
1378 351 1444 389 480

204 402 284 441 Sed
303 402 434 452 magis
454 406 501 440 ut
522 403 670 441 merito
691 404 820 453 possis
840 409 992 442 euenta
1011 417 1157 442 uocare

203 463 406 514 Corporis,
428 467 555 514 atque
575 465 665 509 loci,
688 477 749 502 res
770 465 811 503 in
832 477 914 515 quo
935 478 1122 516 quaeque
1143 470 1348 516 gerantur.

257 586 439 637 Corpora
458 590 556 624 sunt
577 599 698 637 porro
718 588 872 637 partim
892 588 1116 638 primordia
1136 601 1282 633 rerum,

205 648 364 686 Partim
384 648 555 686 concilio
577 661 682 699 quae
703 653 897 687 constant
918 650 1222 699 principiorum.

205 709 284 749 Sed
305 722 411 760 quae
431 714 529 747 sunt
550 722 685 747 rerum
707 711 942 760 primordia,
964 712 1078 749 nulla
1098 715 1235 761 potest
1255 712 1316 749 uis
1379 718 1443 756 485

205 771 439 822 Stinguere;
461 783 560 809 narn
579 771 709 809 solido
730 772 904 810 uincunt
924 784 973 810 ea
992 784 1159 822 corpore
1179 772 1356 811 demum

206 833 297 872 Etsi
317 832 480 872 difficile
501 845 586 870 esse
608 833 773 871 uidetur
792 833 954 871 credere
975 834 1199 884 quicquam

207 894 256 933 In
277 895 398 933 rebus
417 893 548 932 solido
569 894 734 944 reperiri
754 907 922 945 corpore
943 907 1072 945 posse.

205 956 371 995 Transit
392 955 502 994 enirn
522 955 679 994 fulmen
699 956 799 994 caeli
820 969 891 1006 per
910 960 1056 1007 saepta
1075 957 1305 1001 domorum,

206 1018 370 1057 Clamor
389 1021 437 1056 ut
458 1030 505 1056 ac
525 1029 665 1062 uoces;
688 1017 842 1056 ferrum
861 1018 1069 1056 candescit
1090 1018 1132 1056 in
1151 1018 1247 1068 igni,
1381 1032 1446 1062 490

207 1079 508 1129 Dissiliuntque
529 1079 611 1117 fere
632 1079 809 1117 feruenti
829 1091 931 1117 saxa
949 1091 1122 1130 uapore;

207 1141 311 1180 Cum
331 1141 610 1179 labefactatus
631 1141 737 1190 rigor
757 1141 846 1179 auri
866 1141 1040 1179 soluitur
1061 1144 1190 1186 aestu,

206 1203 314 1241 Tum
333 1202 482 1253 glacies
503 1202 606 1240 aeris
628 1202 796 1240 flamma
816 1203 982 1241 deuicta
1001 1202 1206 1252 liquescit;

210 1266 432 1303 Permanat
452 1264 563 1302 calor
583 1268 802 1314 argentum
822 1264 1112 1314 penetraleque
1134 1263 1271 1314 frigus,

209 1326 385 1377 Quando
406 1329 630 1376 utrumque
651 1338 777 1363 manu
799 1325 1022 1363 retinentes
1043 1326 1190 1375 pocula
1210 1325 1285 1363 rite
1383 1339 1447 1369 495

208 1388 431 1433 Sensimus,
453 1388 590 1425 infuso
610 1387 877 1438 lympharum
897 1399 985 1424 rore
1005 1399 1190 1437 superne.

208 1450 347 1500 Vsque
369 1449 472 1488 adeo
492 1449 535 1487 in
555 1449 676 1486 rebus
696 1449 815 1487 solidi
835 1449 891 1486 nil
911 1460 996 1486 esse
1017 1448 1193 1487 uidetur.

209 1511 302 1556 Sed,
325 1511 424 1562 quia
443 1523 542 1549 uera
562 1514 703 1548 tamen
724 1510 829 1548 ratio
849 1514 1082 1560 naturaque
1103 1522 1238 1547 rerum

210 1573 341 1623 Cogit,
364 1573 474 1618 ades,
496 1573 638 1623 paucis
658 1572 760 1610 dum
780 1572 965 1609 uersibus
985 1571 1266 1621 expediamus,

210 1635 310 1673 Esse
325 1647 374 1672 ea
388 1647 494 1685 quae
505 1634 636 1672 solido
652 1638 778 1684 atque
790 1638 958 1671 aeterno
972 1644 1139 1682 corpore
1151 1635 1355 1675 constent,
1385 1645 1451 1675 500

210 1696 377 1735 Semina
397 1708 503 1746 quae
524 1708 660 1734 rerum
681 1695 986 1745 primordiaque
1007 1706 1092 1732 esse
1112 1694 1318 1738 docemus,

209 1758 328 1797 Vnde
349 1758 483 1796 omnis
504 1770 640 1795 rerum
659 1770 769 1795 nunc
789 1760 951 1794 constet
971 1767 1135 1793 summa
1153 1758 1303 1793 creata.

265 1881 485 1931 Principio,
507 1880 706 1931 quoniam
725 1880 879 1930 duplex
899 1882 1051 1917 natura
1070 1878 1246 1916 duarum

211 1943 430 1981 Dissimilis
451 1955 588 1980 rerum
608 1943 725 1991 longe
746 1944 935 1979 constare
956 1943 1213 1990 repertast—-

211 2004 414 2055 Corporis,
437 2008 564 2054 atque
584 2004 675 2050 loci,
697 2015 759 2041 res
778 2003 820 2040 in
841 2014 923 2052 quo
944 2013 1132 2052 quaeque
1152 2003 1362 2050 geruntur,
1390 2012 1455 2043 505

212 2066 311 2104 Esse
332 2070 554 2116 utramque
575 2065 653 2103 sibi
674 2077 744 2115 per
764 2076 806 2102 se
827 2075 1056 2114 puramque
1077 2067 1291 2100 necessest.

85 2128 126 2178 (i)
147 2128 199 2177 (a)
219 2127 342 2173 Nam,
358 2139 621 2178 quacumque
636 2130 759 2164 uacat
773 2125 970 2175 spatium,
986 2123 1097 2174 quod
1111 2124 1232 2161 inane
1245 2133 1456 2167 uocamuS,

258 2218 321 2249 491
343 2209 415 2240 fere
431 2209 629 2245 Housman,
648 2207 723 2238 sero
741 2207 812 2246 OQ.
843 2215 908 2246 492
927 2205 1018 2236 Cum
1035 2204 1092 2244 OQ
1111 2204 1255 2239 Ernout,
1274 2203 1367 2234 Tum
1384 2203 1456 2234 edd.

258 2285 324 2306 [7111
1357 2280 1373 2300 2
