<?xml version="1.0" encoding="UTF-8"?>
<!DOCTYPE html PUBLIC "-//W3C//DTD XHTML 1.0 Transitional//EN"
    "http://www.w3.org/TR/xhtml1/DTD/xhtml1-transitional.dtd">
<html xmlns="http://www.w3.org/1999/xhtml" xml:lang="en" lang="en">
 <head>
  <title>
</title>
<meta http-equiv="Content-Type" content="text/html;charset=utf-8" />
  <meta name='ocr-system' content='tesseract 3.04.00' />
  <meta name='ocr-capabilities' content='ocr_page ocr_carea ocr_par ocr_line ocrx_word'/>
</head>
<body>
  <div class='ocr_page' id='page_1' title='image "./dererumnaturprim00lucruoft_0049.png"; bbox 0 0 1571 2476; ppageno 0'>
   <div class='ocr_carea' id='block_1_1' title="bbox 563 186 1361 234">
    <p class='ocr_par' dir='ltr' id='par_1_1' title="bbox 563 186 1361 234">
     <span class='ocr_line' id='line_1_1' title="bbox 563 186 1361 234; baseline -0.003 -8"><span class='ocrx_word' id='word_1_1' title='bbox 563 188 737 226; x_wconf 76' lang='lat' dir='ltr'>LIBER</span> <span class='ocrx_word' id='word_1_2' title='bbox 767 186 976 226; x_wconf 75' lang='lat' dir='ltr'>PRins</span> <span class='ocrx_word' id='word_1_3' title='bbox 1315 194 1361 234; x_wconf 87' lang='lat'>15</span> 
     </span>
    </p>
   </div>
   <div class='ocr_carea' id='block_1_2' title="bbox 37 290 1363 1882">
    <p class='ocr_par' dir='ltr' id='par_1_2' title="bbox 117 290 1360 465">
     <span class='ocr_line' id='line_1_2' title="bbox 117 290 1130 342; baseline -0.003 -10"><span class='ocrx_word' id='word_1_4' title='bbox 117 293 283 340; x_wconf 81' lang='lat' dir='ltr'>Sensus,</span> <span class='ocrx_word' id='word_1_5' title='bbox 303 292 370 332; x_wconf 90' lang='lat' dir='ltr'>cui</span> <span class='ocrx_word' id='word_1_6' title='bbox 389 291 467 330; x_wconf 90' lang='lat' dir='ltr'>nisi</span> <span class='ocrx_word' id='word_1_7' title='bbox 488 292 622 342; x_wconf 91' lang='lat' dir='ltr'>prima</span> <span class='ocrx_word' id='word_1_8' title='bbox 641 291 742 330; x_wconf 91' lang='lat' dir='ltr'>fides</span> <span class='ocrx_word' id='word_1_9' title='bbox 762 290 941 329; x_wconf 81' lang='lat' dir='ltr'>fundata</span> <span class='ocrx_word' id='word_1_10' title='bbox 960 290 1130 337; x_wconf 74' lang='lat' dir='ltr'>ualebit,</span> 
     </span>
     <span class='ocr_line' id='line_1_3' title="bbox 118 352 1107 403; baseline -0.004 -9"><span class='ocrx_word' id='word_1_11' title='bbox 118 355 247 394; x_wconf 82' lang='lat' dir='ltr'>Haud</span> <span class='ocrx_word' id='word_1_12' title='bbox 265 354 356 400; x_wconf 89' lang='lat' dir='ltr'>erit,</span> <span class='ocrx_word' id='word_1_13' title='bbox 378 353 551 392; x_wconf 87' lang='lat' dir='ltr'>occultis</span> <span class='ocrx_word' id='word_1_14' title='bbox 570 353 622 392; x_wconf 88' lang='lat' dir='ltr'>de</span> <span class='ocrx_word' id='word_1_15' title='bbox 641 353 763 391; x_wconf 91' lang='lat' dir='ltr'>rebus</span> <span class='ocrx_word' id='word_1_16' title='bbox 783 364 866 403; x_wconf 92' lang='lat' dir='ltr'>quo</span> <span class='ocrx_word' id='word_1_17' title='bbox 886 352 1107 390; x_wconf 84' lang='lat' dir='ltr'>referentes</span> 
     </span>
     <span class='ocr_line' id='line_1_4' title="bbox 117 413 1360 465; baseline -0.005 -11"><span class='ocrx_word' id='word_1_18' title='bbox 117 416 369 455; x_wconf 87' lang='lat' dir='ltr'>Confirmare</span> <span class='ocrx_word' id='word_1_19' title='bbox 390 414 518 453; x_wconf 89' lang='lat' dir='ltr'>animi</span> <span class='ocrx_word' id='word_1_20' title='bbox 538 414 763 465; x_wconf 91' lang='lat' dir='ltr'>quicquam</span> <span class='ocrx_word' id='word_1_21' title='bbox 783 413 942 452; x_wconf 85' lang='lat' dir='ltr'>ratione</span> <span class='ocrx_word' id='word_1_22' title='bbox 962 424 1175 464; x_wconf 79' lang='lat' dir='ltr'>queamus.</span> <span class='ocrx_word' id='word_1_23' title='bbox 1296 426 1336 457; x_wconf 84' lang='lat'>42</span> <span class='ocrx_word' id='word_1_24' title='bbox 1342 426 1360 456; x_wconf 86' lang='lat'>5</span> 
     </span>
    </p>

    <p class='ocr_par' dir='ltr' id='par_1_3' title="bbox 47 475 1305 651">
     <span class='ocr_line' id='line_1_5' title="bbox 47 475 1305 528; baseline -0.005 -11"><span class='ocrx_word' id='word_1_25' title='bbox 47 478 96 527; x_wconf 84' lang='lat' dir='ltr'>(b)</span> <span class='ocrx_word' id='word_1_26' title='bbox 119 479 227 517; x_wconf 90' lang='lat' dir='ltr'>Tum</span> <span class='ocrx_word' id='word_1_27' title='bbox 247 489 381 528; x_wconf 91' lang='lat' dir='ltr'>porro,</span> <span class='ocrx_word' id='word_1_28' title='bbox 403 477 516 515; x_wconf 87' lang='lat' dir='ltr'>locus</span> <span class='ocrx_word' id='word_1_29' title='bbox 537 488 584 514; x_wconf 88' lang='lat' dir='ltr'>ae</span> <span class='ocrx_word' id='word_1_30' title='bbox 603 476 800 526; x_wconf 87' lang='lat' dir='ltr'>spatium,</span> <span class='ocrx_word' id='word_1_31' title='bbox 822 475 935 525; x_wconf 90' lang='lat' dir='ltr'>quod</span> <span class='ocrx_word' id='word_1_32' title='bbox 953 475 1074 512; x_wconf 89' lang='lat' dir='ltr'>inane</span> <span class='ocrx_word' id='word_1_33' title='bbox 1094 486 1305 519; x_wconf 86' lang='lat' dir='ltr'>uocamus‚</span> 
     </span>
     <span class='ocr_line' id='line_1_6' title="bbox 119 537 1292 587; baseline -0.004 -9"><span class='ocrx_word' id='word_1_34' title='bbox 119 540 160 578; x_wconf 82' lang='lat' dir='ltr'>Si</span> <span class='ocrx_word' id='word_1_35' title='bbox 180 540 340 578; x_wconf 90' lang='lat' dir='ltr'>nullum</span> <span class='ocrx_word' id='word_1_36' title='bbox 361 538 480 583; x_wconf 83' lang='lat' dir='ltr'>foret,</span> <span class='ocrx_word' id='word_1_37' title='bbox 502 537 616 575; x_wconf 91' lang='lat' dir='ltr'>haud</span> <span class='ocrx_word' id='word_1_38' title='bbox 636 549 814 587; x_wconf 80' lang='lat' dir='ltr'>usquam</span> <span class='ocrx_word' id='word_1_39' title='bbox 833 537 914 574; x_wconf 85' lang='lat' dir='ltr'>sita</span> <span class='ocrx_word' id='word_1_40' title='bbox 934 548 1106 586; x_wconf 86' lang='lat' dir='ltr'>corpora</span> <span class='ocrx_word' id='word_1_41' title='bbox 1124 538 1292 586; x_wconf 76' lang='lat' dir='ltr'>possent</span> 
     </span>
     <span class='ocr_line' id='line_1_7' title="bbox 119 598 1166 651; baseline -0.006 -11"><span class='ocrx_word' id='word_1_42' title='bbox 119 602 232 647; x_wconf 87' lang='lat' dir='ltr'>Esse,</span> <span class='ocrx_word' id='word_1_43' title='bbox 253 612 387 651; x_wconf 90' lang='lat' dir='ltr'>neque</span> <span class='ocrx_word' id='word_1_44' title='bbox 407 599 576 637; x_wconf 89' lang='lat' dir='ltr'>omnino</span> <span class='ocrx_word' id='word_1_45' title='bbox 597 610 810 649; x_wconf 88' lang='lat' dir='ltr'>quoquam</span> <span class='ocrx_word' id='word_1_46' title='bbox 829 598 993 636; x_wconf 84' lang='lat' dir='ltr'>diuersa</span> <span class='ocrx_word' id='word_1_47' title='bbox 1012 609 1166 642; x_wconf 87' lang='lat' dir='ltr'>meare;</span> 
     </span>
    </p>

    <p class='ocr_par' dir='ltr' id='par_1_4' title="bbox 120 659 1222 713">
     <span class='ocr_line' id='line_1_8' title="bbox 120 659 1222 713; baseline -0.005 -11"><span class='ocrx_word' id='word_1_48' title='bbox 120 663 170 702; x_wconf 91' lang='lat' dir='ltr'>Id</span> <span class='ocrx_word' id='word_1_49' title='bbox 189 662 302 713; x_wconf 93' lang='lat' dir='ltr'>quod</span> <span class='ocrx_word' id='word_1_50' title='bbox 321 662 406 700; x_wconf 89' lang='lat' dir='ltr'>iam</span> <span class='ocrx_word' id='word_1_51' title='bbox 425 673 575 711; x_wconf 87' lang='lat' dir='ltr'>supera</span> <span class='ocrx_word' id='word_1_52' title='bbox 595 660 672 698; x_wconf 89' lang='lat' dir='ltr'>tibi</span> <span class='ocrx_word' id='word_1_53' title='bbox 692 660 816 710; x_wconf 92' lang='lat' dir='ltr'>paulo</span> <span class='ocrx_word' id='word_1_54' title='bbox 837 659 1093 697; x_wconf 76' lang='lat' dir='ltr'>ostendimus</span> <span class='ocrx_word' id='word_1_55' title='bbox 1113 662 1222 696; x_wconf 89' lang='lat' dir='ltr'>ante.</span> 
     </span>
    </p>

    <p class='ocr_par' dir='ltr' id='par_1_5' title="bbox 37 720 1361 837">
     <span class='ocr_line' id='line_1_9' title="bbox 37 720 1361 776; baseline -0.008 -13"><span class='ocrx_word' id='word_1_56' title='bbox 37 726 93 776; x_wconf 88' lang='lat' dir='ltr'>(ii)</span> <span class='ocrx_word' id='word_1_57' title='bbox 117 725 337 763; x_wconf 88' lang='lat' dir='ltr'>Praeterea</span> <span class='ocrx_word' id='word_1_58' title='bbox 356 723 412 761; x_wconf 91' lang='lat' dir='ltr'>nil</span> <span class='ocrx_word' id='word_1_59' title='bbox 433 726 508 767; x_wconf 90' lang='lat' dir='ltr'>est,</span> <span class='ocrx_word' id='word_1_60' title='bbox 531 721 644 772; x_wconf 91' lang='lat' dir='ltr'>quod</span> <span class='ocrx_word' id='word_1_61' title='bbox 664 721 794 772; x_wconf 88' lang='lat' dir='ltr'>possis</span> <span class='ocrx_word' id='word_1_62' title='bbox 814 721 947 759; x_wconf 82' lang='lat' dir='ltr'>dicere</span> <span class='ocrx_word' id='word_1_63' title='bbox 967 721 1020 758; x_wconf 87' lang='lat' dir='ltr'>ab</span> <span class='ocrx_word' id='word_1_64' title='bbox 1041 720 1152 758; x_wconf 90' lang='lat' dir='ltr'>omni</span> <span class='ocrx_word' id='word_1_65' title='bbox 1294 733 1361 764; x_wconf 88' lang='lat'>430</span> 
     </span>
     <span class='ocr_line' id='line_1_10' title="bbox 118 781 1182 837; baseline -0.007 -12"><span class='ocrx_word' id='word_1_66' title='bbox 118 786 295 837; x_wconf 87' lang='lat' dir='ltr'>Corpore</span> <span class='ocrx_word' id='word_1_67' title='bbox 316 784 551 823; x_wconf 89' lang='lat' dir='ltr'>seiunctum</span> <span class='ocrx_word' id='word_1_68' title='bbox 571 787 857 832; x_wconf 85' lang='lat' dir='ltr'>secretumque</span> <span class='ocrx_word' id='word_1_69' title='bbox 878 794 963 819; x_wconf 86' lang='lat' dir='ltr'>esse</span> <span class='ocrx_word' id='word_1_70' title='bbox 984 781 1037 819; x_wconf 89' lang='lat' dir='ltr'>ab</span> <span class='ocrx_word' id='word_1_71' title='bbox 1058 781 1182 826; x_wconf 82' lang='lat' dir='ltr'>inani,</span> 
     </span>
    </p>

    <p class='ocr_par' dir='ltr' id='par_1_6' title="bbox 119 845 1154 899">
     <span class='ocr_line' id='line_1_11' title="bbox 119 845 1154 899; baseline -0.008 -12"><span class='ocrx_word' id='word_1_72' title='bbox 119 847 240 899; x_wconf 79' lang='lat' dir='ltr'>Quod</span> <span class='ocrx_word' id='word_1_73' title='bbox 260 846 379 898; x_wconf 83' lang='lat' dir='ltr'>quasi</span> <span class='ocrx_word' id='word_1_74' title='bbox 400 845 525 884; x_wconf 90' lang='lat' dir='ltr'>tertia</span> <span class='ocrx_word' id='word_1_75' title='bbox 544 845 598 883; x_wconf 89' lang='lat' dir='ltr'>sit</span> <span class='ocrx_word' id='word_1_76' title='bbox 618 856 790 882; x_wconf 88' lang='lat' dir='ltr'>numero</span> <span class='ocrx_word' id='word_1_77' title='bbox 810 848 961 882; x_wconf 87' lang='lat' dir='ltr'>natura</span> <span class='ocrx_word' id='word_1_78' title='bbox 981 846 1154 893; x_wconf 87' lang='lat' dir='ltr'>reperta.</span> 
     </span>
    </p>

    <p class='ocr_par' dir='ltr' id='par_1_7' title="bbox 45 903 1360 1325">
     <span class='ocr_line' id='line_1_12' title="bbox 45 903 1344 960; baseline -0.008 -10"><span class='ocrx_word' id='word_1_79' title='bbox 45 910 98 960; x_wconf 88' lang='lat' dir='ltr'>(a)</span> <span class='ocrx_word' id='word_1_80' title='bbox 119 911 228 949; x_wconf 91' lang='lat' dir='ltr'>Nam</span> <span class='ocrx_word' id='word_1_81' title='bbox 246 908 539 960; x_wconf 91' lang='lat' dir='ltr'>quodcumque</span> <span class='ocrx_word' id='word_1_82' title='bbox 558 906 647 951; x_wconf 89' lang='lat' dir='ltr'>erit,</span> <span class='ocrx_word' id='word_1_83' title='bbox 667 918 753 944; x_wconf 89' lang='lat' dir='ltr'>esse</span> <span class='ocrx_word' id='word_1_84' title='bbox 772 905 929 955; x_wconf 89' lang='lat' dir='ltr'>aliquid</span> <span class='ocrx_word' id='word_1_85' title='bbox 946 904 1114 943; x_wconf 81' lang='lat' dir='ltr'>debebit</span> <span class='ocrx_word' id='word_1_86' title='bbox 1132 904 1174 942; x_wconf 88' lang='lat' dir='ltr'>id</span> <span class='ocrx_word' id='word_1_87' title='bbox 1190 903 1344 954; x_wconf 85' lang='lat' dir='ltr'>ipsum:</span> 
     </span>
     <span class='ocr_line' id='line_1_13' title="bbox 120 965 1360 1018; baseline -0.009 -7"><span class='ocrx_word' id='word_1_88' title='bbox 120 971 195 1011; x_wconf 86' lang='lat' dir='ltr'>Cui</span> <span class='ocrx_word' id='word_1_89' title='bbox 215 971 249 1009; x_wconf 89' lang='lat' dir='ltr'>si</span> <span class='ocrx_word' id='word_1_90' title='bbox 269 974 409 1010; x_wconf 89' lang='lat' dir='ltr'>tactus</span> <span class='ocrx_word' id='word_1_91' title='bbox 429 969 507 1007; x_wconf 88' lang='lat' dir='ltr'>erit</span> <span class='ocrx_word' id='word_1_92' title='bbox 528 968 720 1018; x_wconf 89' lang='lat' dir='ltr'>quamuis</span> <span class='ocrx_word' id='word_1_93' title='bbox 740 967 842 1005; x_wconf 87' lang='lat' dir='ltr'>leuis</span> <span class='ocrx_word' id='word_1_94' title='bbox 862 966 1127 1016; x_wconf 77' lang='lat' dir='ltr'>exiguusque,</span> <span class='ocrx_word' id='word_1_95' title='bbox 1265 965 1360 1014; x_wconf 85' lang='lat'>[435]</span> 
     </span>
     <span class='ocr_line' id='line_1_14' title="bbox 118 1026 1360 1084; baseline -0.008 -12"><span class='ocrx_word' id='word_1_96' title='bbox 118 1032 323 1084; x_wconf 84' lang='lat' dir='ltr'>Augmine</span> <span class='ocrx_word' id='word_1_97' title='bbox 336 1031 402 1070; x_wconf 90' lang='lat' dir='ltr'>uel</span> <span class='ocrx_word' id='word_1_98' title='bbox 415 1030 561 1081; x_wconf 84' lang='lat' dir='ltr'>grandi</span> <span class='ocrx_word' id='word_1_99' title='bbox 575 1030 639 1067; x_wconf 91' lang='lat' dir='ltr'>uel</span> <span class='ocrx_word' id='word_1_100' title='bbox 652 1041 783 1080; x_wconf 89' lang='lat' dir='ltr'>paruo</span> <span class='ocrx_word' id='word_1_101' title='bbox 792 1027 982 1078; x_wconf 88' lang='lat' dir='ltr'>denique,</span> <span class='ocrx_word' id='word_1_102' title='bbox 993 1027 1094 1065; x_wconf 90' lang='lat' dir='ltr'>dum</span> <span class='ocrx_word' id='word_1_103' title='bbox 1103 1027 1169 1072; x_wconf 86' lang='lat' dir='ltr'>sit,</span> <span class='ocrx_word' id='word_1_104' title='bbox 1185 1039 1250 1070; x_wconf 85' lang='lat'>435</span> <span class='ocrx_word' id='word_1_105' title='bbox 1264 1026 1360 1075; x_wconf 86' lang='lat'>[434]</span> 
     </span>
     <span class='ocr_line' id='line_1_15' title="bbox 119 1092 1279 1145; baseline -0.009 -11"><span class='ocrx_word' id='word_1_106' title='bbox 119 1094 308 1145; x_wconf 89' lang='lat' dir='ltr'>Corporis</span> <span class='ocrx_word' id='word_1_107' title='bbox 329 1092 498 1144; x_wconf 82' lang='lat' dir='ltr'>augebit</span> <span class='ocrx_word' id='word_1_108' title='bbox 519 1103 738 1130; x_wconf 90' lang='lat' dir='ltr'>numerum</span> <span class='ocrx_word' id='word_1_109' title='bbox 757 1101 1046 1139; x_wconf 87' lang='lat' dir='ltr'>summamque</span> <span class='ocrx_word' id='word_1_110' title='bbox 1067 1092 1279 1138; x_wconf 88' lang='lat' dir='ltr'>sequetur;</span> 
     </span>
     <span class='ocr_line' id='line_1_16' title="bbox 119 1150 1133 1202; baseline -0.009 -6"><span class='ocrx_word' id='word_1_111' title='bbox 119 1157 190 1196; x_wconf 85' lang='lat' dir='ltr'>Sin</span> <span class='ocrx_word' id='word_1_112' title='bbox 210 1155 397 1194; x_wconf 85' lang='lat' dir='ltr'>intactile</span> <span class='ocrx_word' id='word_1_113' title='bbox 418 1155 508 1199; x_wconf 84' lang='lat' dir='ltr'>erit,</span> <span class='ocrx_word' id='word_1_114' title='bbox 531 1153 644 1191; x_wconf 87' lang='lat' dir='ltr'>nulla</span> <span class='ocrx_word' id='word_1_115' title='bbox 663 1152 714 1191; x_wconf 85' lang='lat' dir='ltr'>de</span> <span class='ocrx_word' id='word_1_116' title='bbox 735 1155 852 1202; x_wconf 88' lang='lat' dir='ltr'>parte</span> <span class='ocrx_word' id='word_1_117' title='bbox 874 1151 985 1201; x_wconf 90' lang='lat' dir='ltr'>quod</span> <span class='ocrx_word' id='word_1_118' title='bbox 1006 1150 1133 1188; x_wconf 86' lang='lat' dir='ltr'>ullam</span> 
     </span>
     <span class='ocr_line' id='line_1_17' title="bbox 120 1213 1201 1269; baseline -0.009 -11"><span class='ocrx_word' id='word_1_119' title='bbox 120 1219 227 1258; x_wconf 91' lang='lat' dir='ltr'>Rem</span> <span class='ocrx_word' id='word_1_120' title='bbox 246 1217 463 1269; x_wconf 90' lang='lat' dir='ltr'>prohibere</span> <span class='ocrx_word' id='word_1_121' title='bbox 484 1218 611 1266; x_wconf 86' lang='lat' dir='ltr'>queat</span> <span class='ocrx_word' id='word_1_122' title='bbox 632 1226 704 1264; x_wconf 88' lang='lat' dir='ltr'>per</span> <span class='ocrx_word' id='word_1_123' title='bbox 723 1225 765 1252; x_wconf 92' lang='lat' dir='ltr'>se</span> <span class='ocrx_word' id='word_1_124' title='bbox 785 1213 959 1251; x_wconf 87' lang='lat' dir='ltr'>transire</span> <span class='ocrx_word' id='word_1_125' title='bbox 979 1214 1201 1255; x_wconf 84' lang='lat' dir='ltr'>meantem,</span> 
     </span>
     <span class='ocr_line' id='line_1_18' title="bbox 120 1274 1259 1325; baseline -0.009 -6"><span class='ocrx_word' id='word_1_126' title='bbox 120 1280 283 1320; x_wconf 84' lang='lat' dir='ltr'>Scilicet</span> <span class='ocrx_word' id='word_1_127' title='bbox 301 1279 381 1318; x_wconf 92' lang='lat' dir='ltr'>hoc</span> <span class='ocrx_word' id='word_1_128' title='bbox 399 1278 443 1317; x_wconf 92' lang='lat' dir='ltr'>id</span> <span class='ocrx_word' id='word_1_129' title='bbox 463 1277 553 1322; x_wconf 88' lang='lat' dir='ltr'>erit,</span> <span class='ocrx_word' id='word_1_130' title='bbox 576 1288 756 1315; x_wconf 91' lang='lat' dir='ltr'>uacuum</span> <span class='ocrx_word' id='word_1_131' title='bbox 777 1274 889 1325; x_wconf 93' lang='lat' dir='ltr'>quod</span> <span class='ocrx_word' id='word_1_132' title='bbox 909 1274 1031 1312; x_wconf 87' lang='lat' dir='ltr'>inane</span> <span class='ocrx_word' id='word_1_133' title='bbox 1051 1283 1259 1310; x_wconf 88' lang='lat' dir='ltr'>uocamus.</span> 
     </span>
    </p>

    <p class='ocr_par' dir='ltr' id='par_1_8' title="bbox 49 1333 1363 1451">
     <span class='ocr_line' id='line_1_19' title="bbox 49 1333 1363 1393; baseline -0.011 -11"><span class='ocrx_word' id='word_1_134' title='bbox 49 1342 98 1393; x_wconf 87' lang='lat' dir='ltr'>(b)</span> <span class='ocrx_word' id='word_1_135' title='bbox 122 1343 354 1386; x_wconf 88' lang='lat' dir='ltr'>Praeterea,</span> <span class='ocrx_word' id='word_1_136' title='bbox 371 1352 443 1391; x_wconf 89' lang='lat' dir='ltr'>per</span> <span class='ocrx_word' id='word_1_137' title='bbox 456 1351 499 1377; x_wconf 87' lang='lat' dir='ltr'>se</span> <span class='ocrx_word' id='word_1_138' title='bbox 514 1338 806 1389; x_wconf 84' lang='lat' dir='ltr'>quodcumque</span> <span class='ocrx_word' id='word_1_139' title='bbox 822 1336 911 1380; x_wconf 90' lang='lat' dir='ltr'>erit,</span> <span class='ocrx_word' id='word_1_140' title='bbox 929 1338 1002 1373; x_wconf 88' lang='lat' dir='ltr'>aut</span> <span class='ocrx_word' id='word_1_141' title='bbox 1017 1334 1140 1372; x_wconf 84' lang='lat' dir='ltr'>faciet</span> <span class='ocrx_word' id='word_1_142' title='bbox 1156 1333 1268 1383; x_wconf 83' lang='lat' dir='ltr'>quid,</span> <span class='ocrx_word' id='word_1_143' title='bbox 1298 1346 1363 1376; x_wconf 86' lang='lat'>440</span> 
     </span>
     <span class='ocr_line' id='line_1_20' title="bbox 119 1397 1049 1451; baseline -0.011 -8"><span class='ocrx_word' id='word_1_144' title='bbox 119 1404 205 1442; x_wconf 90' lang='lat' dir='ltr'>Aut</span> <span class='ocrx_word' id='word_1_145' title='bbox 226 1403 315 1441; x_wconf 87' lang='lat' dir='ltr'>aliis</span> <span class='ocrx_word' id='word_1_146' title='bbox 335 1401 450 1451; x_wconf 85' lang='lat' dir='ltr'>fungi</span> <span class='ocrx_word' id='word_1_147' title='bbox 471 1400 640 1439; x_wconf 85' lang='lat' dir='ltr'>debebit</span> <span class='ocrx_word' id='word_1_148' title='bbox 661 1398 879 1449; x_wconf 85' lang='lat' dir='ltr'>agentibus</span> <span class='ocrx_word' id='word_1_149' title='bbox 899 1397 1049 1447; x_wconf 87' lang='lat' dir='ltr'>ipsum,</span> 
     </span>
    </p>

    <p class='ocr_par' dir='ltr' id='par_1_9' title="bbox 119 1458 1076 1515">
     <span class='ocr_line' id='line_1_21' title="bbox 119 1458 1076 1515; baseline -0.01 -11"><span class='ocrx_word' id='word_1_150' title='bbox 119 1466 205 1504; x_wconf 92' lang='lat' dir='ltr'>Aut</span> <span class='ocrx_word' id='word_1_151' title='bbox 225 1465 303 1503; x_wconf 88' lang='lat' dir='ltr'>erit</span> <span class='ocrx_word' id='word_1_152' title='bbox 323 1468 371 1503; x_wconf 87' lang='lat' dir='ltr'>ut</span> <span class='ocrx_word' id='word_1_153' title='bbox 392 1463 553 1515; x_wconf 87' lang='lat' dir='ltr'>possint</span> <span class='ocrx_word' id='word_1_154' title='bbox 573 1461 615 1499; x_wconf 88' lang='lat' dir='ltr'>in</span> <span class='ocrx_word' id='word_1_155' title='bbox 635 1472 683 1499; x_wconf 89' lang='lat' dir='ltr'>eo</span> <span class='ocrx_word' id='word_1_156' title='bbox 704 1472 766 1498; x_wconf 89' lang='lat' dir='ltr'>res</span> <span class='ocrx_word' id='word_1_157' title='bbox 786 1471 871 1497; x_wconf 90' lang='lat' dir='ltr'>esse</span> <span class='ocrx_word' id='word_1_158' title='bbox 892 1458 1057 1508; x_wconf 86' lang='lat' dir='ltr'>gerique</span> <span class='ocrx_word' id='word_1_159' title='bbox 1068 1469 1076 1503; x_wconf 84' lang='grc'>;</span> 
     </span>
    </p>

    <p class='ocr_par' dir='ltr' id='par_1_10' title="bbox 120 1520 1211 1574">
     <span class='ocr_line' id='line_1_22' title="bbox 120 1520 1211 1574; baseline -0.01 -8"><span class='ocrx_word' id='word_1_160' title='bbox 120 1528 176 1567; x_wconf 92' lang='lat' dir='ltr'>At</span> <span class='ocrx_word' id='word_1_161' title='bbox 197 1527 330 1565; x_wconf 88' lang='lat' dir='ltr'>facere</span> <span class='ocrx_word' id='word_1_162' title='bbox 351 1529 393 1564; x_wconf 91' lang='lat' dir='ltr'>et</span> <span class='ocrx_word' id='word_1_163' title='bbox 413 1524 529 1574; x_wconf 78' lang='lat' dir='ltr'>fungi</span> <span class='ocrx_word' id='word_1_164' title='bbox 549 1524 636 1561; x_wconf 91' lang='lat' dir='ltr'>sine</span> <span class='ocrx_word' id='word_1_165' title='bbox 656 1533 825 1572; x_wconf 86' lang='lat' dir='ltr'>corpore</span> <span class='ocrx_word' id='word_1_166' title='bbox 845 1520 959 1558; x_wconf 90' lang='lat' dir='ltr'>nulla</span> <span class='ocrx_word' id='word_1_167' title='bbox 978 1521 1116 1570; x_wconf 88' lang='lat' dir='ltr'>potest</span> <span class='ocrx_word' id='word_1_168' title='bbox 1136 1530 1211 1563; x_wconf 86' lang='lat' dir='ltr'>res,</span> 
     </span>
    </p>

    <p class='ocr_par' dir='ltr' id='par_1_11' title="bbox 120 1582 1363 1763">
     <span class='ocr_line' id='line_1_23' title="bbox 120 1582 1227 1640; baseline -0.011 -12"><span class='ocrx_word' id='word_1_169' title='bbox 120 1590 206 1628; x_wconf 88' lang='lat' dir='ltr'>Nec</span> <span class='ocrx_word' id='word_1_170' title='bbox 226 1588 422 1640; x_wconf 91' lang='lat' dir='ltr'>praebere</span> <span class='ocrx_word' id='word_1_171' title='bbox 442 1586 579 1625; x_wconf 86' lang='lat' dir='ltr'>locum</span> <span class='ocrx_word' id='word_1_172' title='bbox 600 1595 720 1636; x_wconf 90' lang='lat' dir='ltr'>porro</span> <span class='ocrx_word' id='word_1_173' title='bbox 741 1583 819 1622; x_wconf 88' lang='lat' dir='ltr'>nisi</span> <span class='ocrx_word' id='word_1_174' title='bbox 838 1582 960 1620; x_wconf 85' lang='lat' dir='ltr'>inane</span> <span class='ocrx_word' id='word_1_175' title='bbox 981 1591 1227 1630; x_wconf 88' lang='lat' dir='ltr'>uacansque.</span> 
     </span>
     <span class='ocr_line' id='line_1_24' title="bbox 121 1643 1363 1702; baseline -0.011 -12"><span class='ocrx_word' id='word_1_176' title='bbox 121 1651 243 1702; x_wconf 86' lang='lat' dir='ltr'>Ergo,</span> <span class='ocrx_word' id='word_1_177' title='bbox 266 1653 430 1701; x_wconf 89' lang='lat' dir='ltr'>praeter</span> <span class='ocrx_word' id='word_1_178' title='bbox 448 1648 571 1687; x_wconf 86' lang='lat' dir='ltr'>inane</span> <span class='ocrx_word' id='word_1_179' title='bbox 592 1650 634 1685; x_wconf 90' lang='lat' dir='ltr'>et</span> <span class='ocrx_word' id='word_1_180' title='bbox 654 1656 840 1695; x_wconf 89' lang='lat' dir='ltr'>corpora,</span> <span class='ocrx_word' id='word_1_181' title='bbox 861 1643 986 1682; x_wconf 88' lang='lat' dir='ltr'>tertia</span> <span class='ocrx_word' id='word_1_182' title='bbox 1005 1654 1076 1693; x_wconf 88' lang='lat' dir='ltr'>per</span> <span class='ocrx_word' id='word_1_183' title='bbox 1095 1654 1137 1679; x_wconf 90' lang='lat' dir='ltr'>se</span> <span class='ocrx_word' id='word_1_184' title='bbox 1300 1654 1363 1684; x_wconf 86' lang='lat'>445</span> 
     </span>
     <span class='ocr_line' id='line_1_25' title="bbox 120 1702 1194 1763; baseline -0.011 -11"><span class='ocrx_word' id='word_1_185' title='bbox 120 1713 246 1752; x_wconf 88' lang='lat' dir='ltr'>Nulla</span> <span class='ocrx_word' id='word_1_186' title='bbox 266 1714 405 1763; x_wconf 88' lang='lat' dir='ltr'>potest</span> <span class='ocrx_word' id='word_1_187' title='bbox 426 1722 562 1748; x_wconf 90' lang='lat' dir='ltr'>rerum</span> <span class='ocrx_word' id='word_1_188' title='bbox 582 1709 624 1746; x_wconf 90' lang='lat' dir='ltr'>in</span> <span class='ocrx_word' id='word_1_189' title='bbox 645 1718 816 1746; x_wconf 86' lang='lat' dir='ltr'>numero</span> <span class='ocrx_word' id='word_1_190' title='bbox 837 1709 989 1744; x_wconf 84' lang='lat' dir='ltr'>natura</span> <span class='ocrx_word' id='word_1_191' title='bbox 1008 1702 1194 1753; x_wconf 89' lang='lat' dir='ltr'>relinqui,</span> 
     </span>
    </p>

    <p class='ocr_par' dir='ltr' id='par_1_12' title="bbox 120 1768 1244 1824">
     <span class='ocr_line' id='line_1_26' title="bbox 120 1768 1244 1824; baseline -0.012 -10"><span class='ocrx_word' id='word_1_192' title='bbox 120 1775 206 1813; x_wconf 90' lang='lat' dir='ltr'>Nec</span> <span class='ocrx_word' id='word_1_193' title='bbox 227 1785 334 1824; x_wconf 91' lang='lat' dir='ltr'>quae</span> <span class='ocrx_word' id='word_1_194' title='bbox 353 1772 431 1811; x_wconf 89' lang='lat' dir='ltr'>sub</span> <span class='ocrx_word' id='word_1_195' title='bbox 451 1783 594 1809; x_wconf 88' lang='lat' dir='ltr'>sensus</span> <span class='ocrx_word' id='word_1_196' title='bbox 614 1769 738 1808; x_wconf 86' lang='lat' dir='ltr'>cadat</span> <span class='ocrx_word' id='word_1_197' title='bbox 759 1768 842 1806; x_wconf 91' lang='lat' dir='ltr'>ullo</span> <span class='ocrx_word' id='word_1_198' title='bbox 863 1771 1049 1817; x_wconf 90' lang='lat' dir='ltr'>tempore</span> <span class='ocrx_word' id='word_1_199' title='bbox 1068 1768 1244 1809; x_wconf 85' lang='lat' dir='ltr'>nostros,</span> 
     </span>
    </p>

    <p class='ocr_par' dir='ltr' id='par_1_13' title="bbox 121 1824 1235 1882">
     <span class='ocr_line' id='line_1_27' title="bbox 121 1824 1235 1882; baseline -0.012 -7"><span class='ocrx_word' id='word_1_200' title='bbox 121 1837 207 1876; x_wconf 86' lang='lat' dir='ltr'>Nec</span> <span class='ocrx_word' id='word_1_201' title='bbox 227 1835 387 1874; x_wconf 88' lang='lat' dir='ltr'>ratione</span> <span class='ocrx_word' id='word_1_202' title='bbox 408 1832 535 1872; x_wconf 87' lang='lat' dir='ltr'>animi</span> <span class='ocrx_word' id='word_1_203' title='bbox 556 1844 683 1882; x_wconf 91' lang='lat' dir='ltr'>quam</span> <span class='ocrx_word' id='word_1_204' title='bbox 704 1830 926 1880; x_wconf 87' lang='lat' dir='ltr'>quisquam</span> <span class='ocrx_word' id='word_1_205' title='bbox 946 1826 1076 1878; x_wconf 90' lang='lat' dir='ltr'>possit</span> <span class='ocrx_word' id='word_1_206' title='bbox 1096 1824 1235 1876; x_wconf 89' lang='lat' dir='ltr'>apisci.</span> 
     </span>
    </p>
   </div>
   <div class='ocr_carea' id='block_1_3' title="bbox 124 1929 1368 2045">
    <p class='ocr_par' dir='ltr' id='par_1_14' title="bbox 124 1929 1368 2045">
     <span class='ocr_line' id='line_1_28' title="bbox 176 1929 1368 1991; baseline -0.012 -11"><span class='ocrx_word' id='word_1_207' title='bbox 176 1941 287 1980; x_wconf 91' lang='lat' dir='ltr'>Nam</span> <span class='ocrx_word' id='word_1_208' title='bbox 307 1950 594 1991; x_wconf 86' lang='lat' dir='ltr'>quaecumque</span> <span class='ocrx_word' id='word_1_209' title='bbox 615 1937 767 1981; x_wconf 88' lang='lat' dir='ltr'>cluent,</span> <span class='ocrx_word' id='word_1_210' title='bbox 790 1937 863 1972; x_wconf 91' lang='lat' dir='ltr'>aut</span> <span class='ocrx_word' id='word_1_211' title='bbox 882 1932 946 1971; x_wconf 92' lang='lat' dir='ltr'>his</span> <span class='ocrx_word' id='word_1_212' title='bbox 966 1931 1188 1970; x_wconf 88' lang='lat' dir='ltr'>coniuncta</span> <span class='ocrx_word' id='word_1_213' title='bbox 1207 1929 1368 1968; x_wconf 90' lang='lat' dir='ltr'>duabus</span> 
     </span>
     <span class='ocr_line' id='line_1_29' title="bbox 124 1991 1368 2045; baseline -0.014 -3"><span class='ocrx_word' id='word_1_214' title='bbox 124 2003 266 2042; x_wconf 90' lang='lat' dir='ltr'>Rebus</span> <span class='ocrx_word' id='word_1_215' title='bbox 286 2014 336 2041; x_wconf 89' lang='lat' dir='ltr'>ea</span> <span class='ocrx_word' id='word_1_216' title='bbox 356 2000 554 2045; x_wconf 90' lang='lat' dir='ltr'>inuenies,</span> <span class='ocrx_word' id='word_1_217' title='bbox 577 2002 650 2036; x_wconf 83' lang='lat' dir='ltr'>aut</span> <span class='ocrx_word' id='word_1_218' title='bbox 672 1997 821 2034; x_wconf 89' lang='lat' dir='ltr'>harum</span> <span class='ocrx_word' id='word_1_219' title='bbox 842 1998 994 2033; x_wconf 86' lang='lat' dir='ltr'>euenta</span> <span class='ocrx_word' id='word_1_220' title='bbox 1014 1991 1187 2031; x_wconf 80' lang='lat' dir='ltr'>uidebiS.</span> <span class='ocrx_word' id='word_1_221' title='bbox 1301 2004 1368 2035; x_wconf 85' lang='lat'>450</span> 
     </span>
    </p>
   </div>
   <div class='ocr_carea' id='block_1_4' title="bbox 310 2066 1048 2254">
    <p class='ocr_par' dir='ltr' id='par_1_15' title="bbox 310 2066 936 2113">
     <span class='ocr_line' id='line_1_30' title="bbox 310 2066 936 2113; baseline -0.014 -10"><span class='ocrx_word' id='word_1_222' title='bbox 310 2081 388 2113; x_wconf 85' lang='lat'>435,</span> <span class='ocrx_word' id='word_1_223' title='bbox 407 2080 472 2111; x_wconf 84' lang='lat'>434</span> <span class='ocrx_word' id='word_1_224' title='bbox 492 2067 705 2109; x_wconf 69' lang='lat' dir='ltr'>transposuit</span> <span class='ocrx_word' id='word_1_225' title='bbox 723 2066 936 2096; x_wconf 78' lang='lat' dir='ltr'>Lachmann.</span> 
     </span>
    </p>

    <p class='ocr_par' dir='ltr' id='par_1_16' title="bbox 310 2111 1048 2206">
     <span class='ocr_line' id='line_1_31' title="bbox 310 2111 1048 2160; baseline -0.011 -10"><span class='ocrx_word' id='word_1_226' title='bbox 310 2127 376 2160; x_wconf 84' lang='lat'>442</span> <span class='ocrx_word' id='word_1_227' title='bbox 394 2117 534 2159; x_wconf 83' lang='lat' dir='ltr'>possint</span> <span class='ocrx_word' id='word_1_228' title='bbox 551 2116 637 2151; x_wconf 71' lang='lat' dir='ltr'>edd„</span> <span class='ocrx_word' id='word_1_229' title='bbox 657 2115 809 2155; x_wconf 89' lang='lat' dir='ltr'>possunt</span> <span class='ocrx_word' id='word_1_230' title='bbox 826 2111 884 2151; x_wconf 76' lang='lat' dir='ltr'>OQ</span> <span class='ocrx_word' id='word_1_231' title='bbox 903 2111 1048 2142; x_wconf 80' lang='lat' dir='ltr'>Munro.</span> 
     </span>
     <span class='ocr_line' id='line_1_32' title="bbox 311 2161 845 2206; baseline -0.015 -10"><span class='ocrx_word' id='word_1_232' title='bbox 311 2174 376 2206; x_wconf 89' lang='lat'>443</span> <span class='ocrx_word' id='word_1_233' title='bbox 393 2164 468 2195; x_wconf 89' lang='lat' dir='ltr'>nise</span> <span class='ocrx_word' id='word_1_234' title='bbox 485 2171 634 2202; x_wconf 89' lang='lat' dir='ltr'>corpora</span> <span class='ocrx_word' id='word_1_235' title='bbox 649 2161 845 2191; x_wconf 75' lang='lat' dir='ltr'>Housman.</span> 
     </span>
    </p>

    <p class='ocr_par' dir='ltr' id='par_1_17' title="bbox 312 2203 943 2254">
     <span class='ocr_line' id='line_1_33' title="bbox 312 2203 943 2254; baseline -0.013 -11"><span class='ocrx_word' id='word_1_236' title='bbox 312 2220 381 2254; x_wconf 84' lang='lat'>450</span> <span class='ocrx_word' id='word_1_237' title='bbox 395 2211 526 2242; x_wconf 88' lang='lat' dir='ltr'>harum</span> <span class='ocrx_word' id='word_1_238' title='bbox 541 2210 710 2248; x_wconf 80' lang='lat' dir='ltr'>Bernays,</span> <span class='ocrx_word' id='word_1_239' title='bbox 728 2207 857 2237; x_wconf 88' lang='lat' dir='ltr'>horum</span> <span class='ocrx_word' id='word_1_240' title='bbox 873 2203 943 2244; x_wconf 77' lang='lat' dir='ltr'>OQ.</span> 
     </span>
    </p>
   </div>
  </div>
 </body>
</html>
