1571 2476
520 195 695 233 LIBER
724 194 933 233 PRIMVS
1295 207 1344 235 21

27 296 69 346 (i)
146 296 252 336 Tum
264 309 398 347 porro,
412 297 610 347 quoniam
625 302 688 337 est
699 302 932 337 extremum
944 299 1138 349 quodque
1150 311 1345 338 cacumen

103 357 355 409 Corporibus,
373 359 476 410 quod
495 359 579 398 iam
598 359 709 398 nobis
729 359 945 398 minimum
966 372 1046 398 esse
1065 359 1234 405 uidetur,

101 419 219 457 Debet
238 419 330 458 item
351 419 503 458 ratione
520 420 615 471 pari
634 420 851 460 minimum
871 434 952 459 esse
971 433 1157 460 cacumen

102 480 292 531 Corporis
312 481 432 527 illius,
455 482 567 532 quod
587 482 718 520 nostri
738 494 900 521 cernere
920 495 1062 520 sensus
1280 489 1346 518 600

103 541 192 580 Iam
213 546 438 593 nequeunt.
481 543 530 581 Id
551 543 745 582 nimirum
765 543 852 582 sine
871 544 1062 594 partibus
1081 547 1233 590 exstat,

102 603 158 642 Et
178 604 351 642 minima
370 609 536 643 constat
556 610 720 651 natura,
743 617 817 643 nec
838 605 917 644 fuit
938 617 1137 655 umquam

102 665 180 703 Per
198 677 241 704 se
260 670 478 712 secretum,
500 678 634 717 neque
654 667 829 717 posthac
849 679 935 705 esse
955 666 1124 712 ualebit,

100 726 281 766 Alterius
301 728 541 778 quoniamst
562 728 697 778 ipsum
718 740 814 778 pars
833 728 1049 778 primaque
1069 732 1111 766 et
1132 740 1232 773 una;

102 787 204 827 Inde
224 789 328 827 aliae
348 794 476 840 atque
496 789 600 828 aliae
620 789 772 828 similes
792 802 842 828 ex
863 790 1004 828 ordine
1025 793 1164 840 partes
1279 797 1343 834 605

100 850 274 900 Agmine
295 851 502 889 condenso
522 855 717 890 naturam
739 851 919 902 corporis
939 851 1127 901 explent:

100 911 215 961 Quae
235 912 432 963 quoniam
454 924 528 963 per
545 925 588 951 se
608 917 821 963 nequeunt
841 918 1043 958 constare,
1066 916 1269 950 necessest

100 973 279 1011 Haerere
300 974 409 1012 unde
430 978 587 1024 queant
607 975 720 1012 nulla
741 974 900 1012 ratione
921 973 1072 1013 reuelli.

99 1034 205 1074 Sunt
225 1035 352 1086 igitur
371 1035 502 1074 solida
523 1035 749 1086 primordia
768 1035 1048 1086 simplicitate,

99 1096 215 1146 Quae
235 1096 416 1135 minimis
436 1097 595 1148 stipata
614 1097 835 1135 cohaerent
856 1096 1045 1147 partibus
1065 1100 1167 1144 arte,
1277 1104 1344 1132 610

99 1158 194 1197 Non
215 1171 265 1197 ex
285 1158 448 1197 illarum
469 1164 679 1197 conuentu
700 1158 931 1204 conciliata,

99 1219 180 1259 Sed
199 1220 330 1270 magis
350 1225 519 1259 aeterna
540 1220 739 1270 pollentia
758 1220 1037 1270 simplicitate,

98 1282 217 1321 Vnde
237 1295 371 1333 neque
391 1281 513 1320 auelli
534 1281 758 1332 quicquam
779 1295 912 1332 neque
933 1281 1115 1320 deminui
1135 1281 1217 1320 iam

99 1343 297 1383 Concedit
318 1348 482 1389 natura,
505 1356 718 1382 reseruans
737 1344 895 1382 semina
915 1344 1047 1382 rebus.

19 1404 76 1456 (ii)
101 1406 332 1451 Praeterea,
351 1405 428 1444 nisi
447 1405 524 1444 erit
542 1405 773 1451 minimum,
792 1405 1038 1456 paruissima
1055 1416 1244 1456 quaeque
1276 1411 1341 1448 615

98 1467 279 1518 Corpora
299 1468 554 1506 constabunt
574 1480 624 1505 ex
645 1467 834 1518 partibus
854 1466 1039 1513 infinitis,

99 1529 261 1580 Quippe
282 1529 353 1568 ubi
373 1529 569 1567 dimidiae
590 1528 720 1579 partis
740 1541 835 1579 pars
855 1541 1016 1579 semper
1034 1528 1205 1566 habebit

98 1591 325 1630 Dimidiam
346 1596 522 1642 partem,
544 1603 619 1629 nec
639 1603 701 1629 res
721 1590 937 1641 praefiniet
958 1591 1052 1629 ulla.

98 1653 208 1704 Ergo
229 1665 364 1691 rerum
385 1653 494 1691 inter
512 1665 719 1691 summam
740 1652 1039 1703 minimamque
1059 1651 1161 1702 quid
1180 1650 1303 1689 escit?

97 1714 166 1753 Nil
186 1714 263 1753 erit
283 1718 331 1754 ut
351 1714 478 1753 distet
489 1726 497 1760 ;
519 1727 616 1753 nam
638 1713 830 1764 quamuis
851 1713 1039 1752 funditus
1059 1712 1192 1751 omnis
1275 1719 1342 1748 620

98 1775 270 1816 Summa
289 1776 344 1815 sit
363 1776 539 1821 infinita,
563 1780 717 1822 tamen,
738 1775 985 1826 paruissima
1004 1787 1111 1826 quae
1130 1778 1241 1819 sunt,

98 1838 163 1876 Ex
183 1837 355 1877 infinitis
376 1838 629 1876 constabunt
650 1837 840 1887 partibus
860 1849 1001 1887 aeque.

98 1900 220 1950 Quod
239 1899 437 1951 quoniam
458 1899 565 1938 ratio
586 1899 783 1937 reclamat
804 1911 902 1937 uera
921 1902 1128 1949 negatque

97 1961 269 2000 Credere
289 1974 407 2012 posse
428 1961 627 2006 animum,
650 1960 785 1999 uictus
806 1960 963 1999 fateare
982 1962 1186 1998 necessest

98 2023 198 2062 Esse
216 2036 277 2070 ea,
296 2035 403 2074 quae
421 2022 542 2061 nullis
560 2022 643 2060 iam
660 2021 851 2072 praedita
868 2021 1058 2072 partibus
1076 2024 1241 2059 exstent
1274 2026 1315 2055 62
1321 2033 1339 2063 5

97 2085 154 2124 Et
173 2084 346 2124 minima
365 2088 558 2123 constent
578 2088 741 2122 natura.
779 2083 894 2133 Quae
914 2082 1113 2134 quoniam
1131 2085 1243 2127 sunt,

234 2185 301 2216 599
318 2185 439 2207 uersus
456 2176 516 2216 qui
534 2178 723 2215 sequuntur
739 2174 918 2215 suppleuit
935 2174 1079 2204 Munro.

234 2225 300 2263 604
318 2223 368 2254 sic
384 2222 603 2263 interpunxit
619 2221 799 2252 Giussam'.
