1571 2476
576 181 749 219 LIBER
779 181 987 219 PR1Mvs
1378 195 1401 233 9

159 285 273 324 Inter
291 298 333 324 se
354 298 462 324 nexu
484 285 620 323 minus
641 289 715 323 aut
735 285 866 335 magis
885 285 1143 335 indupedita.
1335 300 1401 331 240

156 347 310 386 Tactus
330 347 439 385 enim
460 348 531 384 leti
551 346 652 384 satis
673 350 779 384 esset
800 359 925 384 causa
946 347 1144 397 profecto,

158 408 319 458 Quippe
340 408 410 446 ubi
431 409 544 446 nulla
564 408 699 446 forent
721 412 889 446 aeterno
909 420 1091 458 corpore,
1113 421 1290 458 quorum

158 470 411 508 Contextum
432 470 494 507 uis
513 470 682 508 deberet
702 469 924 507 dissoluere
946 481 1147 520 quaeque.

157 531 214 570 At
234 543 356 576 nunc,
378 531 486 569 inter
505 543 546 569 se
568 531 666 581 quia
685 542 816 568 nexus
837 531 1132 581 principiorum

159 592 385 631 Dissimiles
405 596 599 631 constant
620 596 871 642 aeternaque
892 592 1083 630 materies
1103 595 1179 638 est,
1336 606 1401 638 245

160 654 362 692 Incolumi
383 658 598 692 remanent
619 666 681 692 res
700 666 883 703 corpore,
905 654 1006 692 dum
1025 654 1127 692 satis
1148 654 1250 692 aeris

159 715 230 754 Vis
251 716 373 754 obeat
395 728 468 766 pro
489 720 658 753 textura
677 715 875 765 cuiusque
897 718 1071 765 reperta.

160 777 286 815 Haud
307 778 431 827 igitur
451 777 557 815 redit
578 777 632 815 ad
651 777 782 815 nilum
802 789 864 814 res
885 777 980 821 ulla,
1002 777 1074 815 sed
1093 789 1235 815 omnes

160 839 342 877 Discidio
363 839 536 876 redeunt
556 838 598 877 in
619 850 792 888 corpora
811 839 1011 876 materiai.

65 902 136 952 (iv)
162 901 388 945 Postremo,
410 903 584 950 pereunt
604 900 769 945 imbres,
791 900 862 937 ubi
883 911 951 937 eos
972 903 1091 949 pater
1111 899 1254 937 aether
1337 913 1403 943 250

162 962 210 1000 In
230 961 431 1012 gremium
452 961 597 999 matn's
617 961 742 999 terrai
761 961 1053 1011 praecipitauit
1064 972 1072 1005 余

161 1023 218 1061 At
237 1023 394 1061 nitidae
414 1026 587 1071 surgunt
609 1022 758 1072 fruges,
780 1023 965 1072 ramique
987 1022 1196 1061 uirescunt

162 1085 401 1130 Arboribus,
423 1087 612 1122 crescunt
632 1084 745 1134 ipsae
766 1083 936 1134 fetuque
956 1088 1203 1133 grauantur余

164 1146 271 1184 Hinc
291 1146 416 1184 alitur
435 1158 556 1196 porro
577 1149 766 1184 nostrum
785 1157 913 1195 genus
934 1150 1060 1195 atque
1081 1145 1275 1192 ferarum,

163 1208 271 1245 Hinc
291 1207 422 1245 laetas
441 1208 562 1245 urbes
583 1207 719 1257 pueris
740 1206 881 1244 florere
902 1207 1090 1245 uidemus
1339 1220 1356 1241 2
1362 1220 1380 1250 5
1386 1220 1403 1250 5

164 1269 507 1318 Frondiferasque
528 1268 646 1306 nouis
668 1268 815 1306 auibus
835 1280 981 1306 canere
1000 1269 1183 1317 undique
1204 1268 1328 1305 siluas
1339 1279 1347 1312 余

164 1330 273 1368 Hinc
293 1330 422 1368 fessae
444 1330 620 1380 pecudes
641 1329 781 1380 pingui
802 1342 874 1379 per
894 1330 1047 1379 pabula
1066 1329 1177 1367 laeta

164 1391 345 1442 Corpora
363 1391 592 1441 deponunt,
613 1394 656 1429 et
675 1391 855 1429 candens
875 1391 1031 1428 lacteus
1051 1402 1171 1428 umor

164 1453 367 1491 Vberibus
388 1456 532 1491 manat
552 1452 763 1497 distentis余
785 1452 879 1490 hinc
900 1464 1009 1490 noua
1029 1452 1161 1502 proles

165 1515 349 1553 Artubus
370 1514 541 1552 infirmis
563 1519 724 1553 teneras
744 1514 898 1551 lasciua
918 1526 988 1563 per
1008 1513 1155 1551 herbas
1339 1519 1406 1548 260

167 1577 304 1621 Ludit,
326 1576 432 1614 lacte
453 1587 565 1613 mero
586 1579 744 1613 mentes
765 1576 951 1626 perculsa
971 1575 1165 1612 nouellas.

167 1638 292 1676 Haud
312 1638 437 1687 igitur
456 1637 621 1687 penitus
642 1641 815 1687 pereunt
836 1648 1121 1686 quaecumque
1141 1635 1349 1680 uidentur,

167 1699 342 1749 Quando
363 1698 446 1737 alid
466 1711 515 1736 ex
537 1699 616 1736 alio
637 1698 766 1736 reficit
787 1704 950 1742 natura,
972 1710 1045 1736 nec
1065 1698 1191 1736 ullam

167 1761 272 1800 Rem
293 1760 403 1811 gigni
425 1760 584 1810 patitur
604 1759 681 1797 nisi
704 1762 835 1798 morte
857 1759 1002 1797 adiuta
1022 1759 1166 1796 aliena.

220 1884 341 1923 Nunc
361 1895 448 1933 age,
470 1895 532 1921 res
553 1882 750 1933 quoniam
770 1882 891 1921 docui
912 1894 994 1920 non
1016 1894 1132 1931 posse
1152 1881 1279 1919 creari
1341 1887 1407 1924 265

168 1947 229 1984 De
250 1946 346 1990 nilo,
368 1957 500 1995 neque
518 1945 620 1982 'item
641 1944 801 1994 genitas
822 1944 875 1982 ad
895 1944 950 1981 nil
972 1943 1166 1988 reuocari,

169 2008 317 2058 Nequa
336 2006 442 2044 forte
463 2011 604 2044 tamen
624 2009 790 2056 coeptes
809 2005 992 2044 diffidere
1011 2005 1145 2049 dictis,

169 2069 289 2119 Quod
308 2071 520 2118 nequeunt
540 2067 668 2105 oeulis
688 2079 824 2105 rerum
844 2066 1069 2117 primordia
1088 2065 1210 2110 cerni,

168 2130 331 2180 Accipe,
353 2132 566 2179 praeterea
586 2141 692 2178 quae
712 2140 884 2178 corpora
904 2132 995 2166 tute
1015 2130 1219 2165 necessest

168 2191 398 2231 Confiteare
418 2202 504 2228 esse
523 2190 566 2228 in
586 2191 708 2228 rebus
728 2202 802 2228 nee
822 2201 939 2241 posse
960 2188 1102 2227 uideri.
1343 2200 1410 2232 270
