1571 2476
174 176 200 216 8
511 172 588 210 DE
618 170 817 209 RERVM
846 169 882 207 N
887 168 1077 207 ATVRA

173 279 295 318 Culta
314 278 404 316 loca
423 280 464 315 et
485 275 677 315 manibus
698 273 874 312 melioris
895 272 1064 310 reddere
1084 271 1206 317 fetus,

174 340 274 378 Esse
294 339 485 377 uidelicet
505 338 547 375 in
568 336 686 375 terris
707 334 932 386 primordia
952 346 1101 378 rerum,
1351 345 1418 367 210

174 401 288 451 Quae
308 412 395 445 nos,
417 398 615 437 fecundas
635 401 845 435 uertentes
866 407 1033 433 uomere
1051 395 1191 444 glebas

174 461 395 511 Terraique
415 461 549 498 solum
568 459 817 508 subigentes,
841 457 971 495 cimus
991 456 1045 494 ad
1065 460 1192 494 ortus.

175 523 331 573 Quodsi
350 522 464 560 nulla
483 522 632 565 forent,
654 524 796 557 nostro
816 519 902 556 sine
923 530 1112 568 quaeque
1132 518 1273 555 labore

176 584 330 635 Sponte
350 595 426 622 sua
445 583 577 621 multo
598 582 683 619 fieri
705 580 874 619 meliora
894 579 1066 617 uideres.

229 707 322 745 Huc
343 705 514 751 accedit,
536 705 599 743 uti
619 704 796 754 quicque
815 703 857 740 in
877 714 953 740 sua
971 714 1145 752 corpora
1164 714 1327 739 rursum
1354 714 1419 745 215

172 768 385 806 Dissoluat
405 771 569 811 natura,
592 777 725 816 neque
746 764 799 802 ad
819 764 950 802 nilum
970 763 1184 801 interimat
1205 775 1279 801 res.

104 831 144 881 (i)
173 829 295 875 Nam,
317 828 454 879 siquid
474 828 649 866 mortale
669 839 690 864 e
710 826 870 864 cunctis
892 825 1081 876 partibus
1102 827 1221 869 esset,

176 891 241 928 Ex
261 891 388 928 oculis
408 902 470 927 res
491 901 679 940 quaeque
701 891 869 938 repente
889 890 1032 937 erepta
1053 887 1222 936 periret:

176 952 301 990 Nulla
320 951 361 989 ui
382 951 488 989 foret
508 963 607 989 usus
627 949 749 995 enim,
772 961 879 999 quae
900 948 1089 998 partibus
1110 948 1196 985 eius

171 1013 401 1051 Discidium
420 1024 562 1063 parere
582 1015 623 1049 et
644 1023 775 1048 nexus
795 1010 1005 1048 exsoluere
1028 1013 1178 1060 posset.
1356 1022 1423 1044 220

178 1074 298 1124 Quod
317 1087 440 1119 nunc,
463 1078 630 1111 aeterno
652 1073 750 1123 quia
770 1075 965 1110 constant
985 1071 1140 1109 semine
1161 1083 1363 1121 quaeque,

178 1136 318 1174 Donec
339 1135 401 1173 uis
421 1135 538 1180 obiit,
561 1146 667 1185 quae
687 1146 750 1171 res
770 1133 1003 1171 diuerberet
1025 1132 1111 1171 ictu

177 1197 263 1235 Aut
282 1197 396 1235 intus
416 1200 605 1247 penetret
626 1208 698 1246 per
717 1195 857 1233 inania
877 1195 1175 1245 dissoluatque,

178 1258 340 1296 Nullius
360 1258 535 1296 exitium
555 1257 715 1308 patitur
735 1260 887 1294 natura
907 1256 1050 1294 uideri.

98 1321 153 1371 (ii)
176 1320 406 1365 Praeterea,
430 1331 717 1369 quaecumque
740 1322 952 1356 uetustate
975 1321 1144 1356 amouet
1167 1321 1294 1363 aetas,
1358 1332 1423 1362 225

179 1380 220 1419 Si
241 1381 405 1431 penitus
426 1380 605 1431 perimit,
627 1392 873 1418 consumens
894 1380 1110 1418 materiem
1130 1391 1308 1425 omnem,

178 1442 296 1480 Vnde
317 1442 494 1480 animale
514 1454 642 1492 genus
662 1441 891 1492 generatim
910 1441 953 1479 in
972 1441 1132 1479 lumina
1151 1441 1263 1479 uitae

180 1503 387 1542 Redducit
408 1503 570 1542 Venus?
595 1506 668 1541 aut
689 1503 938 1541 redductum
958 1502 1135 1541 daedala
1155 1503 1276 1540 tellus

180 1565 297 1603 Vnde
318 1565 392 1603 alit
413 1569 540 1615 atque
561 1568 697 1614 auget,
720 1565 949 1614 generatim
970 1564 1125 1614 pabula
1145 1563 1369 1614 praebens?

179 1626 297 1665 Vnde
318 1639 429 1665 mare
449 1626 617 1676 ingenui
637 1627 773 1664 fontes
794 1629 1048 1676 externaque
1069 1627 1188 1676 longe
1360 1640 1426 1670 230

181 1688 373 1726 Flumina
391 1687 687 1738 suppeditant?
729 1688 848 1726 Vnde
869 1688 1012 1725 aether
1031 1688 1166 1726 sidera
1186 1687 1342 1738 pascit?

181 1749 332 1788 Omnia
351 1749 460 1788 enim
480 1749 618 1794 debet,
641 1749 806 1787 mortali
827 1761 997 1799 corpore
1017 1761 1124 1800 quae
1144 1753 1256 1795 sunt,

182 1810 352 1849 Infinita
373 1815 487 1849 aetas
508 1823 753 1861 consumpse
775 1814 971 1849 anteacta
990 1811 1172 1861 diesque.

182 1872 337 1922 Quodsi
358 1872 400 1910 in
419 1884 467 1910 eo
487 1872 624 1922 spatio
645 1878 771 1923 atque
793 1876 989 1910 anteacta
1009 1877 1148 1910 aetate
1169 1872 1294 1918 fuere,

182 1934 216 1971 E
237 1934 387 1984 quibus
406 1933 508 1972 haec
529 1946 665 1972 rerum
685 1934 875 1972 consistit
895 1946 1060 1972 summa
1080 1934 1246 1980 refecta,
1361 1948 1427 1979 235

183 1994 400 2033 Inmortali
419 1999 518 2033 sunt
538 1999 690 2033 natura
710 1996 900 2046 praedita
920 1999 1048 2034 certe:

182 2056 309 2094 Haud
328 2056 454 2106 igitur
473 2060 648 2107 possunt
670 2057 722 2095 ad
743 2057 874 2095 nilum
895 2069 1084 2108 quaeque
1104 2058 1268 2096 reuerti.

87 2117 156 2168 (iii)
179 2117 381 2167 Denique,
404 2130 466 2156 res
486 2118 620 2156 omnis
640 2119 785 2156 eadem
806 2119 868 2156 uis
890 2131 1097 2168 causaque
1118 2119 1240 2169 uolgo

182 2178 423 2225 Conficeret‚
446 2179 523 2217 nisi
544 2180 737 2218 materies
758 2184 928 2219 aeterna
948 2184 1122 2227 teneret,
