1571 2476
243 186 294 227 14
580 177 657 215 DE
688 177 887 216 RERVM
917 176 1148 216 NATVRA

239 280 384 326 Errat;
405 293 505 319 nam
524 293 706 318 uacuum
728 287 818 318 tum
838 280 885 318 fit
906 280 1019 330 quod
1038 292 1122 318 non
1143 279 1223 318 fuit
1243 283 1356 327 ante,

239 340 297 380 Et
317 342 500 392 repletur
517 341 620 380 item
639 353 821 380 uacuum
840 341 954 392 quod
974 341 1164 380 constitit
1184 347 1295 381 ante.

240 401 327 442 Nec
346 403 422 441 tali
441 402 601 441 ratione
621 406 762 454 potest
781 402 988 442 denserier
1007 414 1095 449 aer;

240 463 339 510 Nec,
360 464 395 503 si
414 465 498 503 iam
518 468 671 516 posset,
692 464 780 503 sine
798 463 913 503 inani
933 467 1086 515 posset,
1107 464 1268 515 opinor,

242 525 336 576 Ipse
354 525 397 564 in
417 538 460 564 se
480 526 643 564 trahere
663 529 706 564 et
725 525 857 577 partis
877 525 1106 564 conducere
1124 526 1168 564 in
1188 539 1332 566 unum.

294 648 570 699 Quapropter,
592 648 785 699 quamuis
805 648 1017 687 causando
1037 649 1172 687 multa
1191 649 1372 696 moreris,

241 709 342 748 Esse
360 710 404 749 in
424 711 546 749 rebus
564 710 687 749 inane
707 714 851 749 tamen
871 710 1029 748 fateare
1048 715 1265 749 necessest.

240 771 456 822 Multaque
476 776 691 822 praeterea
710 772 788 811 tibi
809 784 978 823 possum
998 773 1362 811 commemorando

239 833 498 883 Argumenta
518 833 643 872 fidem
662 833 785 872 dictis
805 834 1028 872 conradere
1048 834 1212 873 nostris.

239 894 394 934 Verum
414 895 553 933 animo
573 895 675 933 satis
694 895 797 934 haec
816 895 993 946 uestigia
1012 908 1144 947 parua
1163 896 1301 946 sagaci

239 955 359 1002 Sunt,
381 968 454 1007 per
473 969 580 1007 quae
600 957 731 1008 possis
751 968 995 1007 cognoscere
1015 961 1154 996 cetera
1173 961 1277 996 tute.

239 1017 446 1069 Namque,
467 1030 589 1057 canes
610 1022 657 1057 ut
677 1019 944 1069 montiuagae
964 1031 1162 1070 persaepe
1181 1019 1282 1057 ferai

239 1079 421 1118 Naribus
439 1079 660 1119 inueniunt
680 1080 858 1120 intectas
879 1080 1025 1120 fronde
1045 1081 1219 1132 quietes,

239 1140 343 1180 Cum
362 1142 488 1180 semel
508 1141 752 1181 institerunt
772 1142 949 1193 uestigia
968 1146 1082 1181 certa
1101 1142 1198 1190 uiai,

238 1202 304 1242 Sic
324 1203 409 1243 alid
427 1215 478 1242 ex
499 1204 578 1242 alio
599 1216 671 1254 per
690 1207 732 1242 te
753 1207 845 1243 tute
864 1204 952 1255 ipse
971 1204 1111 1243 uidere

237 1264 408 1303 Talibus
427 1265 470 1303 in
490 1265 612 1304 rebus
632 1266 800 1316 poteris,
822 1278 1048 1317 caecasque
1067 1266 1250 1305 latebras

240 1325 456 1365 Insinuare
475 1327 623 1373 omnis,
644 1330 687 1366 et
706 1340 853 1366 uerum
874 1328 1114 1378 protrahere
1133 1328 1244 1369 inde.

238 1387 361 1438 Quod
379 1387 414 1426 si
434 1388 606 1439 pigraris
626 1389 852 1440 paulumne
872 1390 1083 1428 recesseris
1104 1390 1157 1429 ab
1178 1402 1232 1436 re,

238 1449 330 1488 Hoc
350 1449 428 1488 tibi
447 1450 498 1488 de
518 1450 643 1501 plano
664 1463 831 1502 possum
853 1451 1110 1503 promittere,
1132 1451 1321 1491 Memmi:

237 1511 377 1562 Vsque
397 1511 501 1550 adeo
521 1512 655 1563 largos
674 1512 852 1551 haustus
871 1525 893 1551 e
913 1513 1092 1552 fontibu'
1115 1514 1276 1564 magnis

238 1572 399 1623 Lingua
418 1585 511 1612 meo
530 1574 671 1613 suauis
690 1574 768 1613 diti
787 1574 840 1614 de
860 1579 1026 1626 pectore
1046 1575 1209 1622 fundet,

237 1634 295 1673 Vt
314 1647 470 1681 uerear,
491 1647 543 1674 ne
563 1636 686 1675 tarda
705 1636 819 1687 prius
838 1649 912 1688 per
930 1637 1120 1676 membra
1138 1641 1330 1677 senectus

238 1695 399 1747 Serpat‚
421 1699 463 1735 et
482 1697 526 1736 in
544 1698 664 1736 nobis
684 1698 788 1737 uitai
808 1699 991 1738 claustra
1010 1700 1204 1745 resoluat,

238 1757 374 1809 Quam
395 1758 471 1797 tibi
491 1759 543 1798 de
563 1760 711 1810 quauis
731 1772 817 1799 una
835 1772 878 1800 re
898 1760 1085 1800 uersibus
1105 1762 1239 1800 omnis

238 1819 590 1870 Argumentorum
610 1821 664 1860 sit
684 1822 806 1873 copia
823 1822 950 1862 missa
970 1835 1043 1874 per
1061 1823 1184 1862 auris.

291 1942 384 1990 Sed,
406 1957 516 1983 nunc
538 1948 584 1983 ut
605 1949 792 1996 repetam
811 1950 1008 1997 coeptum
1028 1950 1241 1998 pertexere
1261 1947 1396 1993 dictis,

175 2004 215 2056 (i)
238 2003 384 2044 Omnis
403 2011 451 2044 ut
472 2009 547 2052 est,
568 2006 708 2056 igitur,
730 2020 802 2058 per
820 2020 863 2046 se
882 2011 1037 2047 natura
1054 2008 1219 2048 duabus

238 2066 437 2106 Constitit
456 2066 499 2106 in
519 2068 640 2106 rebus
651 2080 659 2114 ;
681 2081 780 2108 nam
800 2081 974 2121 corpora
992 2074 1104 2117 sunt,
1126 2074 1168 2109 et
1188 2070 1323 2117 inane,

239 2127 355 2168 Haec
374 2129 416 2167 in
436 2141 519 2180 quo
539 2130 621 2168 sita
639 2134 752 2177 sunt,
773 2134 815 2170 et
835 2143 920 2182 qua
938 2132 1104 2171 diuersa
1123 2136 1361 2172 mouentur.

165 2190 218 2240 (a)
238 2189 396 2242 Corpus
415 2191 525 2230 enim
545 2203 618 2242 per
636 2204 678 2230 se
698 2193 930 2232 communis
949 2193 1117 2233 dedicat
1136 2206 1223 2232 esse

378 2275 444 2307 404
463 2267 551 2298 ferai
568 2267 596 2308 Q
614 2277 710 2305 corr„
730 2268 844 2300 serare
861 2269 932 2309 OQ,
952 2270 1110 2301 ferarum
1127 2269 1155 2301 O
1172 2280 1257 2303 corr.

1423 415 1488 448 395

1421 786 1488 818 400

1421 1095 1486 1127 405

1420 1404 1487 1436 410

1420 1713 1484 1744 415
