1571 2476
205 181 255 220 24
543 171 621 210 DE
651 171 851 211 RERVM
881 172 1111 211 NATVRA

202 275 445 322 Concursus,
467 280 621 322 motus,
642 277 756 322 ordo,
778 276 978 326 positura,
1000 277 1156 328 figurae
1383 283 1450 321 685

202 336 401 376 Efficiunt
420 336 538 387 ignis,
559 341 809 388 mutatoque
829 338 972 376 ordine
991 342 1162 378 mutant

202 398 422 445 Naturam,
443 411 578 449 neque
598 403 696 438 sunt
716 398 800 449 igni
820 398 1017 438 simulata
1035 412 1170 451 neque
1190 400 1261 439 ulli

202 459 421 498 Praeterea
441 459 511 506 rei,
532 473 640 511 quae
660 473 833 511 corpora
852 460 1019 499 mittere
1039 461 1170 512 possit

201 519 409 567 Sensibus,
431 526 473 560 et
493 525 657 560 nostros
677 522 844 561 adiectu
865 526 1034 573 tangere
1054 526 1205 563 tactus.

253 643 398 683 Dicere
417 657 539 694 porro
557 644 693 695 ignem
713 657 775 684 res
794 645 928 684 omnis
946 658 1046 692 esse,
1065 659 1200 697 neque
1219 648 1345 687 ullam
1380 656 1448 692 690

202 705 305 743 Rem
326 718 467 744 ueram
488 705 531 744 in
551 719 723 746 numero
744 719 880 746 rerum
901 712 1091 747 constare
1111 708 1189 746 nisi
1208 709 1358 760 ignem,

200 766 321 817 Quod
341 767 442 806 facit
461 767 528 806 hic
547 767 670 814 idem,
693 769 942 819 perdelirum
963 781 1050 808 esse
1069 769 1247 810 uidetur.

134 828 175 878 (i)
199 828 307 867 Nam
328 833 474 868 contra
494 842 637 868 sensus
657 830 711 869 ab
731 830 918 869 sensibus
938 830 1025 882 ipse
1045 836 1263 883 repugnat,

198 890 254 928 Et
273 890 502 929 labefactat
523 903 604 937 eos,
626 892 736 930 unde
757 892 897 931 omnia
917 892 1075 932 credita
1095 894 1292 944 pendent,

198 951 318 990 Unde
338 951 405 990 hic
425 952 614 1003 cognitus
635 958 698 992 est
716 953 795 1004 ipsi
816 967 940 1005 quem
960 954 1151 994 nominat
1170 955 1320 1007 ignem.
1378 964 1444 1003 695

197 1013 336 1052 Credit
356 1014 465 1052 enim
486 1027 629 1053 sensus
649 1014 785 1066 ignem
806 1028 1050 1067 cognoscere
1070 1030 1177 1064 uere,

197 1074 342 1113 Cetera
361 1088 444 1114 non
465 1075 608 1122 credit,
631 1090 738 1127 quae
758 1077 841 1116 nilo
862 1078 973 1116 clara
991 1078 1130 1118 minus
1149 1084 1259 1119 sunt.

196 1135 318 1186 Quod
336 1136 439 1175 mihi
459 1150 553 1176 cum
574 1151 744 1185 uanum,
768 1143 858 1178 tum
879 1140 1054 1179 delirum
1075 1153 1162 1180 esse
1182 1142 1359 1182 uidetur.

196 1197 287 1248 Quo
308 1198 530 1238 referemus
550 1200 683 1239 enim?
726 1200 835 1251 Quid
855 1202 974 1240 nobis
994 1202 1146 1241 certius
1166 1203 1264 1254 ipsis

194 1258 390 1299 Sensibus
410 1273 496 1299 esse
515 1266 668 1312 potest,
691 1262 762 1312 qui
783 1276 882 1302 uera
901 1276 950 1302 ac
970 1263 1075 1303 falsa
1094 1266 1310 1305 notemus?
1377 1281 1444 1312 700

115 1320 171 1371 (ii)
195 1321 426 1368 Praeterea,
448 1335 576 1373 quare
597 1324 818 1374 quisquam
839 1325 970 1376 magis
990 1326 1131 1365 omnia
1151 1328 1273 1367 tollat

193 1382 251 1422 Et
270 1383 371 1422 uelit
392 1384 549 1423 ardoris
569 1390 764 1424 naturam
785 1386 969 1438 linquere
989 1388 1134 1435 solam,

194 1444 329 1495 Quam
350 1450 471 1496 neget
492 1459 578 1485 esse
598 1447 715 1498 ignis,
733 1448 898 1499 quiduis
918 1453 1061 1489 tamen
1081 1463 1168 1489 esse
1188 1451 1418 1502 relinquat?

193 1507 338 1557 Aequa
359 1507 526 1547 uidetur
544 1508 653 1547 enim
674 1510 886 1549 dementia
905 1511 1040 1550 dicere
1060 1515 1296 1564 utrumque.

246 1630 521 1682 Quapropter,
544 1632 615 1683 qui
634 1633 851 1673 materiem
873 1647 1008 1674 rerum
1030 1648 1116 1674 esse
1136 1641 1342 1687 putarunt
1375 1652 1439 1683 705

194 1691 350 1742 Ignem,
372 1697 500 1743 atque
520 1706 571 1732 ex
590 1694 675 1745 igni
695 1708 901 1734 summam
923 1697 1146 1736 consistere
1166 1711 1298 1749 posse,

192 1753 247 1792 Et
267 1754 338 1804 qui
358 1754 606 1806 principium
626 1756 846 1807 gignundis
866 1770 962 1797 aera
982 1759 1103 1798 rebus

192 1815 464 1863 Constituere,
487 1821 561 1856 aut
581 1831 767 1857 umorem
788 1819 1040 1871 quicumque
1061 1825 1266 1872 putarunt

192 1877 363 1927 Fingere
383 1891 446 1916 res
465 1878 601 1930 ipsum
623 1893 696 1931 per
714 1893 769 1927 se,
792 1885 998 1921 terramue
1019 1895 1155 1922 creare

191 1939 342 1977 Omnia
361 1943 404 1978 et
423 1939 465 1978 in
486 1953 621 1980 rerum
642 1946 814 1981 naturas
835 1944 988 1983 uertier
1006 1944 1152 1991 omnis,
1373 1962 1439 1993 710

192 1999 342 2051 Magno
361 2013 483 2052 opere
503 2015 528 2040 a
548 2016 646 2042 uero
665 2004 785 2055 longe
805 2005 990 2044 derrasse
1009 2005 1217 2046 uidentur.
1318 2004 1323 2006 i

245 2117 310 2147 703
333 2109 478 2149 quiduis
501 2110 679 2151 suppleuit
701 2111 916 2144 Lachmann.

243 2154 326 2186 Post
357 2164 421 2195 704
451 2156 542 2187 hunc
572 2157 711 2188 titulum
741 2161 806 2198 pro
836 2168 940 2189 uersu
970 2159 1066 2191 habet
1096 2160 1291 2203 O-neque
1318 2163 1437 2205 ignem

329 2211 446 2243 neque
463 2211 547 2234 aera
564 2213 680 2245 neque
699 2215 861 2237 umorem
879 2206 1056 2247 principia
1073 2217 1158 2238 esse.
