1571 2476
199 210 250 249 28
537 210 615 249 DE
645 210 846 250 RERVM
875 210 1109 251 NATVRA

255 314 325 353 ‘At
345 314 567 353 manifesta
587 315 726 365 palam
747 327 810 353 res
829 314 1015 361 indicat,'
1035 314 1174 366 inquis
1195 316 1256 355 ‘in
1276 329 1398 355 auras

200 375 316 414 Aeris
336 388 358 414 e
378 379 488 414 terra
508 388 570 414 res
591 376 724 415 omnis
745 388 923 415 crescere
942 376 1099 427 alique;

200 437 256 475 Et
276 436 353 475 nisi
374 441 603 488 tempestas
622 437 810 488 indulget
830 442 1017 489 tempore
1036 438 1177 477 fausto
1382 446 1447 484 805

202 498 423 544 Imbribus,
446 503 493 537 ut
515 500 611 537 tabe
632 499 869 537 nimborum
890 500 1063 538 arbusta
1082 500 1291 547 uacillent,

201 559 351 610 Solque
371 573 446 598 sua
465 573 540 611 pro
560 565 679 611 parte
701 561 816 599 fouet
837 561 1068 612 tribuitque
1088 562 1279 608 calorem,

200 621 386 660 Crescere
406 634 489 660 non
510 622 670 672 possint
691 622 840 673 fruges,
863 623 1048 670 arbusta,
1070 622 1332 663 animantes?

200 682 362 721 Scilicet
373 695 382 729 ;
404 688 445 722 et
466 683 544 721 nisi
564 697 639 722 nos
659 684 776 722 cibus
795 684 936 723 aridus
957 688 999 723 et
1020 688 1137 723 tener
1156 698 1275 723 umor

198 744 394 791 Adiuuet,
417 744 569 784 amisso
588 745 672 784 iam
692 758 875 797 corpore,
898 746 988 785 uita
1007 759 1174 797 quoque
1194 747 1328 785 omnis
1381 754 1448 783 810

198 806 402 845 Omnibus
423 819 444 845 e
464 807 600 845 neruis
621 811 749 858 atque
769 808 930 847 ossibus
950 809 1203 848 exsoluatur.

198 868 450 907 Adiutamur
469 867 579 908 enim
599 869 727 908 dubio
747 870 891 920 procul
911 873 1040 921 atque
1060 870 1210 908 alimur
1229 882 1304 909 nos

199 929 331 968 Certis
352 930 405 968 ab
426 930 560 977 rebus,
583 930 704 969 certis
724 931 828 969 aliae
848 935 977 982 atque
997 930 1101 970 aliae
1121 944 1195 970 res.

200 991 405 1030 Nimirum
426 991 525 1042 quia
544 993 678 1031 multa
698 992 832 1031 modis
852 993 1091 1032 communia
1110 993 1254 1032 multis

200 1053 425 1092 Multarum
446 1065 582 1092 rerum
604 1054 646 1093 in
667 1054 789 1093 rebus
809 1054 1036 1105 primordia
1054 1055 1189 1094 mixta
1381 1062 1446 1101 815

199 1114 318 1160 Sunt,
340 1115 433 1153 ideo
453 1115 579 1154 uariis
599 1116 738 1154 uariae
758 1128 821 1155 res
841 1117 963 1155 rebus
983 1117 1164 1156 aluntur.

199 1176 338 1227 Atque
358 1177 503 1216 eadem
523 1177 663 1228 magni
684 1177 808 1217 refert
828 1178 1055 1229 primordia
1074 1191 1197 1230 saepe

199 1238 302 1277 Cum
323 1239 474 1289 quibus
495 1243 536 1278 et
556 1239 669 1290 quali
689 1240 877 1290 positura
897 1240 1204 1288 contineantur,

199 1300 256 1339 Et
276 1313 380 1351 quos
399 1300 508 1339 inter
526 1313 569 1339 se
589 1301 690 1340 dent
710 1306 850 1340 motus
871 1302 1180 1354 accipiantque;

200 1362 391 1412 Namque
401 1362 546 1401 eadem
557 1363 729 1409 caelum,
741 1376 867 1410 mare,
880 1368 1022 1410 terras,
1035 1364 1221 1411 flumina,
1233 1366 1361 1404 solem
1380 1371 1447 1401 820

199 1423 483 1471 Constituunt,
505 1424 649 1463 eadem
673 1425 820 1476 fruges,
843 1426 1028 1473 arbusta,
1050 1425 1294 1473 animantis;

198 1486 351 1524 Verum
372 1485 461 1524 aliis
482 1486 645 1537 alioque
665 1487 790 1526 modo
810 1487 1040 1527 commixta
1058 1493 1293 1529 mouentur.

201 1547 309 1597 Quin
330 1547 456 1586 etiarn
477 1548 631 1598 passim
652 1548 803 1588 nostris
822 1549 865 1588 in
885 1549 1072 1589 uersibus
1091 1550 1190 1601 ipsis

201 1609 333 1648 Multa
352 1609 557 1649 elementa
577 1610 692 1649 uides
712 1610 855 1650 multis
875 1611 1113 1651 communia
1134 1612 1282 1659 uerbis,

199 1671 302 1710 Cum
324 1675 465 1710 tamen
484 1671 594 1711 inter
612 1684 654 1711 se
675 1685 817 1711 uersus
837 1686 885 1712 ac
904 1674 1033 1712 uerba
1052 1679 1258 1713 necessest
1379 1681 1444 1719 825

199 1732 429 1771 Confiteare
450 1736 493 1773 et
511 1745 554 1772 re
574 1738 616 1773 et
636 1734 776 1773 sonitu
796 1735 951 1774 distare
970 1736 1148 1775 sonanti.

198 1794 381 1833 Tantum
402 1795 606 1834 elementa
626 1800 799 1846 queunt,
821 1801 1062 1848 permutato
1082 1798 1225 1836 ordine
1244 1798 1342 1837 solo.

199 1856 256 1895 At
276 1868 410 1895 rerum
431 1869 539 1907 quae
558 1862 656 1897 sunt
676 1857 914 1909 primordia,
936 1860 1056 1910 plura
1076 1860 1272 1898 adhibere

200 1918 392 1964 Possunt,
414 1919 524 1957 unde
544 1923 701 1969 queant
721 1919 861 1958 uariae
881 1933 943 1959 res
963 1933 1153 1972 quaeque
1173 1921 1312 1961 creari.

252 2040 373 2080 Nunc
393 2045 435 2080 et
454 2042 727 2092 Anaxagorae
746 2046 980 2082 scrutemur
997 2044 1346 2091 homoeomerian,
1377 2052 1445 2090 830

199 2101 333 2152 Quam
355 2102 453 2142 Grai
472 2108 719 2150 memorant,
741 2117 816 2143 nec
836 2110 979 2144 nostra
999 2106 1132 2145 dicere
1151 2106 1293 2157 lingua

201 2163 402 2203 Concedit
421 2164 541 2203 nobis
561 2165 686 2215 patrii
705 2166 905 2205 sermonis
926 2171 1106 2218 egestas5

198 2224 278 2264 Sed
298 2229 439 2264 tamen
458 2225 592 2277 ipsam
613 2239 698 2265 rem
719 2226 879 2267 facilest
899 2241 1104 2279 exponere
1124 2229 1273 2270 uerbis.
