1571 2476
537 179 712 219 LIBER
741 181 951 221 PRIMVS
1338 198 1361 237 5

114 278 273 317 Ennius
294 281 471 318 aeternis
491 283 663 332 exponit
683 283 870 322 uersibus
890 285 1028 331 edens,

113 339 204 390 Quo
225 353 358 392 neque
380 349 651 392 permaneant
672 346 834 383 animae
855 358 989 396 neque
1011 359 1184 398 corpora
1204 353 1358 392 nostra,

113 401 193 440 Sed
213 403 420 452 quaedam
441 405 673 451 simulacra,
697 407 830 445 modis
850 408 1049 457 pallentia
1068 410 1199 455 miris;

114 463 230 502 Vnde
251 464 328 502 sibi
349 471 539 504 exortam
559 479 721 517 semper
740 468 924 506 florentis
946 469 1117 508 Homeri

113 524 420 565 Commemorat
441 529 617 577 speciem
640 529 829 568 lacrimas
849 530 1060 569 effundere
1079 532 1207 571 salsas
1298 548 1360 578 125

113 586 315 637 Coepisse‚
337 594 378 626 et
400 601 536 628 rerum
557 594 752 630 naturam
772 592 1006 642 expandere
1027 593 1159 632 dictis.

113 648 378 700 Quapropter
398 651 501 689 bene
522 664 618 690 cum
637 654 796 703 superis
816 654 867 692 de
888 655 1010 693 rebus
1029 654 1222 694 habenda

112 710 243 749 Nobis
263 716 325 750 est
347 712 466 758 ratio,
489 714 584 751 solis
605 714 810 765 lunaeque
831 721 995 754 meatus

113 771 206 822 Qua
226 773 329 812 fiant
351 775 523 820 ratione,
545 780 587 813 et
608 788 691 826 qua
713 778 753 815 ui
774 789 963 827 quaeque
985 782 1181 827 gerantur

114 833 161 872 In
184 836 314 880 terris,
338 841 428 874 tum
450 849 545 875 cum
566 838 708 887 primis
730 839 888 876 ratione
909 839 1046 889 sagaci
1296 855 1360 885 130

112 896 230 935 Vnde
251 897 392 935 anima
412 902 538 948 atque
560 899 687 938 animi
708 904 871 939 constet
891 905 1044 938 natura
1063 901 1302 947 uidendum,

113 957 168 996 Et
189 971 295 1008 quae
316 971 379 997 res
399 961 518 998 nobis
539 960 808 1011 uigilantibus
829 962 955 1000 obuia
974 967 1134 1000 mentes

112 1019 322 1059 Terrificet
343 1022 489 1059 morbo
511 1022 698 1068 adfectis,
720 1035 949 1074 somnoque
969 1024 1155 1074 sepultis,

112 1081 284 1120 Cernere
304 1083 367 1120 uti
388 1083 605 1121 uideamur
625 1096 694 1122 eos
714 1085 939 1135 audireque
959 1098 1112 1131 coram,

113 1143 245 1181 Morte
265 1145 383 1182 obita
402 1158 580 1195 quorum
600 1146 722 1184 tellus
742 1147 1009 1196 amplectitur
1028 1159 1131 1185 ossa.
1298 1162 1336 1192 13
1341 1162 1359 1192 5

167 1267 252 1305 Nec
273 1280 338 1306 me
359 1269 485 1306 animi
508 1269 613 1307 fallit
635 1269 853 1308 Graiorum
874 1271 1050 1308 obscura
1069 1274 1231 1320 reperta

114 1329 288 1367 Difficile
310 1330 528 1368 inlustrare
552 1331 710 1369 Latinis
731 1332 918 1370 uersibus
939 1344 1038 1377 esse,

114 1391 248 1429 Multa
267 1391 386 1429 nouis
406 1392 543 1430 uerbis
564 1393 806 1442 praesertim
827 1405 922 1431 cum
942 1393 995 1431 sit
1017 1393 1222 1442 agendum

116 1453 290 1503 Propter
310 1457 538 1503 egestatem
558 1454 722 1504 linguae
743 1459 784 1492 et
806 1467 942 1493 rerum
961 1455 1207 1493 nouitatem.

114 1514 194 1554 Sed
215 1519 289 1553 tua
309 1527 373 1553 me
395 1516 528 1554 uirtus
548 1520 703 1561 tamen,
726 1521 767 1554 et
787 1520 955 1566 sperata
974 1516 1169 1566 uoluptas
1298 1529 1361 1560 140

115 1576 262 1615 Suauis
284 1577 503 1623 amicitiae,
526 1578 716 1628 quemuis
736 1578 905 1615 sufferre
924 1578 1108 1616 laborem

116 1638 285 1684 Suadet,
307 1643 349 1677 et
369 1639 530 1678 inducit
551 1644 694 1678 noctes
715 1640 883 1689 uigilare
903 1651 1079 1685 serenas,

115 1699 393 1750 Quaerentem
414 1701 536 1739 dictis
557 1701 709 1751 quibus
729 1705 771 1739 et
791 1713 874 1751 quo
895 1701 1074 1739 carmine
1094 1700 1262 1739 demum

115 1762 234 1800 Clara
254 1767 352 1800 tuae
373 1763 526 1813 possim
548 1763 829 1813 praepandere
849 1763 1008 1800 lumina
1027 1762 1169 1807 menti,

117 1824 198 1862 Res
218 1824 369 1874 quibus
389 1825 573 1862 occultas
594 1826 759 1875 penitus
779 1824 988 1862 conuisere
1009 1824 1151 1874 possis.
1300 1835 1362 1867 145

172 1947 296 1986 Hunc
317 1947 443 1998 igitur
463 1951 661 1986 terrorem
683 1948 810 1985 animi
831 1948 1105 1997 tenebrasque
1126 1948 1328 1983 necessest

118 2009 214 2047 Non
235 2010 339 2048 radii
359 2010 454 2047 solis
474 2022 549 2048 nec
569 2010 707 2048 lucida
727 2010 811 2047 tela
830 2009 910 2048 diei

117 2071 370 2117 Discutiant,
393 2071 465 2110 sed
485 2075 660 2109 naturae
681 2071 835 2121 species
855 2070 1057 2120 ratioque.

118 2132 373 2183 Principium
394 2134 509 2171 cuius
528 2133 624 2171 hinc
646 2133 764 2171 nobis
785 2132 954 2170 exordia
973 2134 1123 2176 sumet,

356 2223 415 2256 141
437 2215 584 2246 sufferre
601 2214 784 2251 Heinsius,
804 2214 928 2245 efferre
945 2213 1015 2253 OQ.
