1571 2476
464 388 520 430 T.
554 389 815 432 LVCRETI
850 391 990 433 CARI

272 494 387 551 DE
441 494 756 554 RERVM
809 497 1186 557 NATVRA

536 631 696 666 LIBER
721 632 927 668 PRIMVS

170 761 412 800 Aeneadum
432 762 633 812 genetrix,
654 762 871 801 hominum
892 763 1117 814 diuomque
1137 764 1344 815 uoluptas,

170 823 292 862 Alma
312 823 464 868 Venus,
487 824 588 861 caeli
608 824 752 862 subter
771 825 956 862 labentia
975 825 1092 875 signa

171 883 285 934 Quae
307 897 418 923 mare
440 885 695 935 nauigerum,
718 898 824 935 quae
846 890 976 923 terras
996 885 1273 935 frugiferentis

170 946 452 991 Concelebras‚
476 959 547 996 per
567 951 608 984 te
629 948 828 996 quoniam
849 959 976 997 genus
997 959 1117 985 omne
1139 947 1397 986 animantum

170 1007 412 1057 Concipitur
432 1008 613 1058 uisitque
634 1013 827 1047 exortum
847 1009 1006 1047 lumina
1024 1009 1138 1047 solis:
1397 1024 1417 1055 5

170 1069 239 1114 Te,
261 1069 351 1114 dea,
375 1072 415 1107 te
437 1069 602 1119 fugiunt
624 1070 752 1114 uenti,
775 1074 816 1108 te
836 1070 979 1108 nubila
999 1070 1099 1108 caeli

170 1130 496 1181 Aduentumque
518 1135 652 1176 tuum,
675 1131 752 1169 tibi
772 1131 912 1169 suauis
932 1131 1107 1169 daedala
1128 1132 1249 1170 tellus

170 1191 392 1231 Submittit
414 1192 545 1237 fiores,
568 1193 645 1231 tibi
666 1193 801 1231 rident
823 1205 1004 1243 aequora
1025 1193 1156 1243 ponti,

171 1254 471 1304 Placatumque
492 1254 597 1293 nitet
620 1254 771 1292 diffuso
791 1255 945 1293 lumine
966 1255 1136 1293 caelum.

170 1315 293 1361 Nam,
315 1316 437 1354 simul
458 1327 505 1354 ac
525 1316 680 1366 species
702 1316 956 1366 patefactast
977 1328 1105 1353 uerna
1124 1315 1204 1353 diei
1379 1329 1420 1352 10

170 1377 226 1416 Et
248 1381 429 1415 reserata
449 1377 561 1427 uiget
582 1378 818 1427 genitabilis
839 1389 940 1415 aura
960 1377 1132 1422 Fauoni,

171 1439 315 1477 Aeriae
336 1439 517 1489 primurn
537 1440 725 1478 uolucres
745 1443 799 1484 te,
823 1440 932 1483 diua,
955 1443 1158 1489 tuumque

171 1501 414 1551 Significant
434 1501 598 1545 initum,
623 1501 832 1549 perculsae
854 1500 979 1538 corda
1000 1504 1073 1538 tua
1092 1500 1153 1545 ui:

175 1563 277 1601 Inde
298 1563 407 1601 ferae
428 1563 607 1613 pecudes
629 1563 862 1613 persultant
884 1562 1038 1612 pabula
1057 1562 1168 1599 laeta

171 1625 228 1663 Et
248 1624 414 1675 rapidos
436 1628 607 1662 tranant
628 1624 779 1662 amnis:
803 1624 863 1661 ita
883 1627 1008 1673 capta
1028 1623 1163 1673 lepore
1379 1636 1419 1667 15

171 1687 228 1725 Te
247 1687 436 1737 sequitur
455 1686 604 1736 cupide
625 1698 708 1736 quo
729 1698 939 1735 quamque
960 1685 1151 1723 inducere
1172 1683 1316 1734 pergis.

171 1748 373 1798 Denique,
396 1760 468 1798 per
488 1748 619 1786 maria
639 1760 686 1785 ac
707 1748 861 1786 montis
882 1746 1112 1796 fluuiosque
1133 1746 1292 1795 rapacis

171 1810 518 1860 Frondiferasque
539 1810 684 1848 domos
706 1809 848 1847 auium
869 1819 1120 1858 camposque
1140 1807 1324 1851 uirentis,

171 1872 376 1910 Omnibus
396 1872 602 1910 incutiens
624 1871 825 1909 blandum
846 1882 918 1921 per
938 1873 1107 1920 pectora
1127 1880 1322 1913 amorem,

172 1933 311 1972 Efficis
331 1937 379 1972 ut
400 1933 548 1983 cupide
569 1932 796 1983 generatim
817 1931 952 1969 saecla
972 1934 1214 1981 propagent.
1377 1942 1421 1964 20

172 1995 287 2045 Quae
308 1995 506 2046 quoniam
528 2007 663 2032 rerum
684 1997 880 2032 naturam
899 1993 987 2030 sola
1006 1992 1223 2042 gubernas,

172 2057 258 2095 Nec
277 2057 365 2095 sine
385 2060 426 2095 te
447 2056 672 2107 quicquam
693 2055 782 2093 dias
801 2055 844 2093 in
864 2054 1031 2093 luminis
1050 2065 1142 2091 oras

172 2118 384 2164 Exoritur,
405 2130 539 2168 neque
560 2118 606 2155 fit
627 2118 784 2155 laetum
805 2128 938 2166 neque
959 2114 1136 2154 amabile
1157 2113 1393 2165 quicquam,

172 2179 230 2219 Te
249 2180 405 2219 sociam
424 2179 573 2218 studeo
594 2178 820 2217 scribendis
840 2177 1028 2216 uersibus
1048 2188 1148 2223 esse,

220 2269 287 2292 nm
1313 2255 1334 2284 ἰ
