1571 2476
573 178 747 218 LIBER
776 180 985 220 PRIMVS
1349 195 1396 232 23

157 279 327 320 Denseri
348 284 546 332 poterunt
568 282 680 332 ignes
700 283 862 334 rarique
883 284 1066 334 relinqui.

156 341 236 381 Sed
256 342 354 393 quia
375 343 507 381 multa
528 343 604 381 sibi
626 350 798 382 cernunt
820 345 1025 384 contraria
1046 346 1170 393 nasci,

155 404 298 443 Ardua
318 404 417 442 dum
440 410 646 451 metuunt,
669 406 871 445 amittunt
894 419 989 444 uera
1011 408 1104 453 uiai,
1299 409 1394 458 [659]

155 464 211 504 Et
233 465 414 516 fugitant
435 465 477 504 in
498 466 619 504 rebus
640 466 759 504 inane
782 468 1007 517 relinquere
1028 481 1195 518 purum;
1298 470 1394 520 [658]

155 526 240 565 Nec
262 539 423 565 rursum
445 532 631 573 cernunt,
655 535 849 578 exempto
872 530 990 567 rebus
1011 529 1135 575 inani,
1330 538 1396 566 660

155 588 306 627 Omnia
326 588 498 634 denseri,
522 589 690 639 fierique
711 602 760 627 ex
781 591 973 628 omnibus
995 604 1121 629 unum

155 649 324 700 Corpus,
347 649 402 688 nil
424 650 476 688 ab
497 662 539 688 se
560 651 671 700 quod
692 651 820 700 possit
843 652 1006 690 mittere
1028 652 1199 702 raptim;

154 710 332 750 Aestifer
352 711 456 762 ignis
477 711 538 750 uti
559 712 697 750 lumen
718 712 814 750 iacit
836 718 961 763 atque
984 726 1193 764 uaporem,

155 773 209 811 Vt
232 772 373 812 uideas
393 785 476 811 non
497 785 518 811 e
538 772 704 823 stipatis
724 774 912 824 partibus
933 787 1029 812 esse.

67 834 123 884 (ii)
156 834 311 885 Quodsi
333 834 438 872 forte
459 834 539 872 alia
560 835 733 873 credunt
755 835 913 874 ratione
934 842 1096 886 potesse
1330 843 1395 881 665

157 896 268 946 Ignis
288 895 330 934 in
350 901 471 934 coetu
492 895 645 946 stingui
667 902 910 947 mutareque
931 910 1090 947 corpus,

155 957 317 996 Scilicet
338 969 389 996 ex
409 957 522 995 nulla
544 957 675 995 facere
695 957 737 996 id
757 958 790 996 si
810 964 928 1008 parte
950 962 1177 1008 reparoent,

155 1019 327 1059 Occidet
347 1019 401 1057 ad
421 1018 551 1057 nilum
572 1018 765 1057 nimirum
788 1019 975 1058 funditus
996 1021 1117 1058 ardor

155 1081 313 1127 Omnis,
335 1086 375 1119 et
397 1093 418 1118 e
438 1081 521 1118 nilo
543 1080 643 1119 fient
663 1093 949 1131 quaecumque
969 1088 1172 1120 creantur.

154 1142 277 1189 Nam,
299 1142 592 1193 quodcumque
612 1142 696 1180 suis
716 1148 927 1181 mutatum
949 1142 1098 1181 finibus
1119 1142 1216 1189 exit,
1330 1148 1396 1188 670

153 1203 360 1244 Continuo
380 1204 458 1242 hoc
478 1216 588 1242 mors
608 1209 669 1242 est
690 1203 796 1242 illius
817 1204 929 1254 quod
950 1203 1028 1242 fuit
1049 1210 1157 1242 ante.

155 1265 332 1305 Proinde
353 1265 510 1316 ahquid
530 1277 722 1315 superare
743 1277 905 1303 necesse
926 1270 987 1304 est
1008 1265 1210 1304 incolume
1231 1265 1331 1310 ollis,

154 1327 217 1366 Ne
238 1327 314 1366 tibi
335 1340 398 1366 res
418 1328 589 1366 redeant
610 1327 664 1365 ad
684 1327 813 1365 nilum
835 1326 1023 1365 funditus
1043 1339 1197 1373 omnes,

155 1389 217 1428 De
237 1389 404 1440 niloque
424 1394 570 1427 renata
590 1388 772 1439 uigescat
794 1389 912 1439 copia
932 1400 1078 1427 rerum.

155 1450 276 1490 Nunc
292 1450 430 1501 igitur,
449 1449 646 1501 quoniam
664 1450 891 1488 certissima
909 1462 1079 1500 corpora
1095 1450 1300 1500 quaedam
1332 1456 1395 1494 675

155 1511 275 1559 Sunt,
296 1525 404 1563 quae
424 1517 672 1551 conseruant
694 1517 887 1550 naturam
909 1523 1068 1562 semper
1088 1511 1273 1556 eandem,

156 1574 341 1625 Quorum
362 1574 480 1613 abitu
501 1578 575 1612 aut
596 1573 713 1612 aditu
734 1578 982 1623 mutatoque
1002 1572 1144 1611 ordine
1164 1576 1332 1611 mutant

154 1636 361 1676 Naturam
383 1648 445 1674 res
465 1640 507 1674 et
527 1640 778 1673 conuertunt
799 1647 970 1685 corpora
990 1647 1088 1680 sese,

155 1697 265 1737 Scire
284 1697 380 1736 licet
399 1710 483 1737 non
504 1709 589 1735 esse
609 1697 710 1734 haec
730 1696 850 1747 ignea
869 1708 1040 1746 corpora
1060 1707 1207 1734 rerum.

157 1759 225 1798 Nil
245 1759 413 1798 referret
434 1759 543 1798 enim
564 1758 769 1809 quaedam
791 1758 997 1803 decedere,
1020 1756 1145 1803 abire,
1333 1761 1399 1792 680

155 1821 295 1872 Atque
315 1820 396 1859 alia
415 1820 603 1865 attribui,
626 1819 862 1869 mutarique
882 1818 1023 1857 ordine
1044 1818 1261 1868 quaedam,

157 1882 198 1922 Si
220 1888 360 1922 tamen
381 1882 539 1921 ardoris
559 1886 752 1920 naturam
775 1886 926 1919 cuncta
947 1884 1152 1924 tenerent;

157 1944 269 1995 Ignis
289 1944 398 1983 enim
421 1944 526 1982 foret
547 1942 796 1982 omnimodis
816 1942 1107 1992 quodcumque
1128 1942 1325 1979 crearent.

156 2006 322 2052 Verum,
337 2010 383 2044 ut
398 2005 556 2056 opinor,
569 2004 688 2043 itast:
705 2009 802 2042 sunt
814 2003 1018 2054 quaedam
1030 2013 1213 2052 corpora,
1226 2012 1400 2051 quorum

258 2115 325 2154 657
343 2114 441 2145 nasci
459 2114 603 2148 Munro,
624 2121 747 2143 musae
764 2111 803 2148 Ο,
822 2111 947 2142 Musae
962 2109 1107 2145 Ernout‚
1128 2118 1188 2140 mu
1207 2108 1246 2149 Q.

258 2161 336 2200 658,
356 2162 423 2200 659
441 2159 651 2200 transposui.

257 2208 325 2239 666
342 2210 446 2239 coetu
466 2207 658 2242 Fontanus,
678 2208 802 2236 coetus
819 2203 888 2245 OQ.
