1571 2476
147 186 199 233 36
486 183 563 222 DE
593 182 793 221 RERVM
822 180 1054 220 NATVRA

147 287 398 326 Conseruare
418 300 597 332 omnem,
619 297 906 337 quaecumque
926 289 989 323 est
1009 284 1249 325 conciliata:

147 349 303 387 Cudere
323 348 432 387 enim
453 349 595 386 crebro
614 351 790 398 possunt
809 350 1057 397 partemque
1076 346 1241 393 morari,

147 410 258 448 Dum
279 410 450 448 ueniant
470 409 574 447 aliae
594 421 642 447 ac
662 407 842 459 suppleri
862 420 1027 446 summa
1046 412 1244 458 queatur;
1305 422 1392 454 1045

148 471 364 510 Interdum
386 471 536 509 resilire
557 475 698 509 tamen
719 473 936 520 coguntur,
958 473 1000 508 et
1021 482 1105 508 una

148 533 363 583 Principiis
384 545 518 570 rerum
540 532 722 583 spatium
744 536 992 582 tempusque
1012 530 1125 582 fugai

147 594 315 645 Largiri,
338 598 385 632 ut
405 594 564 645 possint
585 606 609 632 a
629 597 751 632 coetu
770 593 899 631 libera
919 592 1034 639 ferri;

145 655 294 706 Quare,
317 655 442 694 etiam
464 660 591 705 atque
611 654 751 701 etiam,
773 653 949 693 suborin’
969 654 1104 693 multa
1124 659 1343 694 necessest.

146 717 201 756 Et
212 722 364 763 tamen,
375 721 421 755 ut
430 717 575 768 plagae
583 729 749 767 quoque
757 715 917 767 possint
925 720 1146 767 suppetere
1153 716 1279 767 ipsae,
1305 730 1393 760 1050

147 779 317 817 Infinita
336 791 440 829 opus
461 783 523 817 est
544 778 606 816 uis
627 778 810 828 undique
831 777 1033 816 materiai.

203 902 311 940 Illud
330 902 372 940 in
392 901 455 940 his
475 902 596 940 rebus
616 901 735 952 longe
756 901 851 951 fuge
871 901 1048 947 credere,
1071 901 1253 948 Memmi,

147 963 195 1002 In
217 963 398 1002 medium
418 976 618 1010 summae,
640 963 754 1014 quod
774 963 932 1009 dicunt,
954 963 1095 1001 omnia
1114 963 1205 1010 niti,

145 1025 284 1076 Atque
303 1025 396 1064 ideo
416 1024 561 1063 mundi
581 1029 776 1063 naturam
797 1029 908 1063 stare
927 1024 1014 1063 sine
1035 1024 1127 1063 ullis

147 1087 305 1125 Ictibus
325 1087 518 1132 externis,
541 1098 674 1137 neque
694 1099 907 1137 quoquam
929 1099 1048 1137 posse
1069 1086 1218 1126 resolui
1304 1101 1391 1132 1055

146 1148 317 1187 Summa
336 1152 463 1199 atque
482 1148 578 1194 ima,
599 1148 713 1199 quod
731 1148 773 1187 in
792 1148 977 1187 medium
996 1148 1080 1187 sint
1099 1149 1240 1187 omnia
1258 1149 1376 1195 nixa;

150 1210 307 1261 (Ipsum
328 1209 361 1248 si
381 1210 605 1261 quicquam
627 1222 745 1261 posse
765 1209 807 1249 in
828 1223 871 1249 se
891 1210 1035 1249 sistere
1056 1210 1224 1262 credisl)

146 1272 202 1310 Et
222 1284 328 1322 quae
348 1272 533 1322 pondera
551 1276 650 1311 sunt
669 1272 747 1311 sub
768 1272 899 1318 terris,
922 1271 1063 1311 omnia
1082 1284 1245 1312 sursum

146 1333 291 1380 Nitier‚
313 1333 355 1372 in
376 1337 567 1384 terraque
587 1338 698 1373 retro
718 1334 970 1384 requiescere
990 1338 1126 1385 posta,

147 1395 201 1434 Vt
217 1407 290 1446 per
303 1408 433 1446 aquas
448 1408 555 1446 quae
569 1408 679 1434 nunc
694 1408 829 1434 rerum
845 1395 1066 1435 simulacra
1081 1395 1282 1435 uidemus,
1306 1404 1393 1432 1060

146 1457 202 1495 Et
222 1456 343 1495 simili
364 1456 523 1496 ratione
543 1456 739 1496 animalia
758 1470 893 1508 suppa
914 1457 1056 1508 uagari

146 1518 427 1565 Contendunt‚
449 1531 581 1569 neque
602 1531 720 1570 posse
740 1532 762 1557 e
783 1519 901 1558 terris
920 1519 964 1558 in
983 1519 1074 1558 loca
1093 1519 1195 1559 caeli

148 1579 367 1619 Reccidere
386 1580 591 1628 inferiora,
613 1580 744 1632 magis
763 1593 891 1632 quarn
912 1594 1085 1632 corpora
1104 1586 1248 1621 nostra

147 1641 303 1692 Sponte
322 1655 397 1680 sua
416 1642 576 1693 possint
596 1642 639 1682 in
659 1642 759 1682 caeli
780 1644 938 1694 templa
958 1643 1117 1690 uolam:

148 1703 211 1741 Illi
232 1716 325 1742 cum
347 1703 517 1743 uideant
537 1705 678 1751 solem,
699 1717 775 1744 nos
794 1705 929 1744 sidera
948 1705 1083 1745 noctis
1305 1713 1391 1750 1065

147 1765 330 1812 Cernere,
352 1770 394 1804 et
414 1766 583 1805 alternis
602 1766 818 1805 nobiscum
840 1771 1030 1818 tempora
1049 1767 1151 1806 caeli

148 1826 354 1874 Diuidere,
376 1831 418 1866 et
438 1832 580 1867 noctes
599 1827 739 1879 parilis
759 1828 917 1880 agitare
938 1829 1095 1868 diebus.

148 1887 228 1926 Sed
247 1901 380 1927 uanus
400 1889 560 1928 stolidis
579 1890 681 1929 haec
701 1903 806 1929 error
825 1890 982 1930 somnia
993 1890 1131 1942 finxit,

147 1950 338 2000 Amplexi
358 1952 471 2001 quod
490 1952 647 1991 habent
667 1964 858 2003 peruersa
878 1966 960 1991 rem
980 1952 1144 1992 ratione.

147 2011 254 2050 Nam
266 2012 447 2051 medium
460 2012 516 2051 nil
528 2026 613 2052 esse
624 2018 776 2064 potest,
792 2014 860 2053 ubi
874 2027 1031 2053 summa
1042 2013 1275 2066 profundist
1305 2029 1392 2061 1070

149 2072 336 2119 Infinita;
358 2087 490 2124 neque
511 2075 691 2121 omnino,
714 2076 747 2113 si
767 2076 850 2115 iarn
871 2075 1046 2115 medium
1067 2075 1130 2123 sit,

149 2135 282 2174 Possit
302 2135 358 2173 ibi
379 2136 601 2186 quicquam
623 2137 844 2176 consistere
865 2151 951 2176 eam
971 2137 1100 2189 magis
1119 2137 1163 2177 ob
1182 2151 1263 2177 rem

148 2195 282 2246 Quam
302 2197 450 2247 quauis
470 2198 550 2236 alia
571 2199 689 2249 longe
709 2199 869 2238 ratione
889 2199 1038 2252 repelli.
