1571 2476
552 196 725 234 LIBER
754 195 963 235 PRIMVS
1328 206 1372 243 13

134 298 324 350 Corporis
337 299 518 337 officium
532 306 594 338 est
608 300 805 350 quoniam
819 312 1000 350 premere
1014 300 1153 338 omnia
1165 301 1373 340 deorsum:

132 360 287 399 Contra
307 364 447 398 autem
469 364 620 398 natura
640 366 780 399 manet
800 362 886 400 sine
906 362 1085 412 pondere
1106 362 1258 407 inanis余

134 422 242 472 Ergo
264 422 376 472 quod
398 434 594 471 magnum
616 430 675 461 est
699 435 828 473 aeque
848 423 1061 473 leuiusque
1082 424 1259 469 uidetur,

134 483 340 521 Nimirum
361 484 452 533 plus
473 496 558 520 csse
579 484 656 521 sibi
676 484 859 522 declarat
879 485 1030 529 inanis余
1310 491 1374 529 365

134 545 190 583 At
210 549 356 582 contra
375 545 541 594 grauius
562 546 653 595 plus
673 546 714 583 in
734 558 776 583 se
797 546 977 596 corporis
997 558 1082 583 esse

134 606 324 651 Dedicat,
346 610 388 644 et
408 606 541 644 multo
562 607 682 644 uacui
703 607 839 645 minus
859 608 972 645 intus
990 607 1154 645 habere.

135 667 211 706 Est
231 668 357 718 igitur
376 667 571 705 nimirum
592 668 634 707 id
654 669 767 719 quod
787 669 946 706 ratione
966 669 1102 718 sagaci

135 728 393 779 Quaerimus,
415 729 652 767 admixtum
673 730 807 775 rebus,
829 730 941 780 quod
960 731 1082 767 inane
1102 742 1311 769 uocamus.

194 852 301 891 Illud
320 852 363 890 in
382 852 445 890 his
466 853 587 890 rebus
608 864 658 890 ne
679 856 719 890 te
740 853 941 891 deducere
961 865 1058 890 uero
1312 867 1377 897 370

137 914 285 960 Possit,
306 914 420 964 quod
440 914 611 964 quidam
632 914 807 964 fingunt,
829 926 1088 964 praecurrere
1108 926 1241 964 cogor.

72 976 114 1026 (i)
137 975 287 1014 Cedere
307 975 576 1026 squamigeris
597 976 739 1013 latices
759 976 990 1014 nitentibus
1010 976 1127 1014 aiunt

136 1037 191 1075 Et
211 1036 389 1088 liquidas
409 1037 565 1087 aperire
586 1037 686 1082 uias,
709 1037 807 1087 quia
828 1041 922 1087 post
941 1037 1031 1075 loca
1050 1037 1179 1087 pisces

137 1099 361 1149 Linquant,
383 1110 466 1149 quo
487 1099 645 1149 possint
665 1099 857 1137 cedentes
877 1099 1079 1137 confluere
1099 1098 1252 1143 undae余

138 1160 202 1199 Sic
223 1161 323 1198 alias
344 1172 509 1211 quoque
531 1172 592 1197 res
612 1160 720 1198 inter
739 1172 781 1198 se
802 1172 920 1210 posse
940 1160 1096 1198 moueri
1314 1173 1379 1204 375

138 1222 193 1260 Et
214 1226 376 1261 mutare
397 1222 547 1268 locum,
569 1222 761 1272 quamuis
781 1222 864 1259 sint
885 1222 1024 1259 omnia
1044 1222 1176 1272 plena.

138 1283 301 1322 Scilicet
321 1284 365 1323 id
384 1284 488 1321 falsa
509 1288 647 1321 totum
669 1283 827 1321 ratione
848 1288 1113 1333 receptumst.

138 1346 247 1384 Nam
267 1358 350 1396 quo
370 1345 619 1396 squamigeri
640 1348 838 1395 poterunt
859 1345 1076 1395 procedere
1098 1344 1279 1390 tandem,

137 1407 190 1446 Ni
211 1408 394 1458 spatium
415 1407 604 1445 dederint
625 1406 790 1444 latices?
833 1406 1061 1444 Concedere
1083 1418 1202 1456 porro

138 1469 229 1519 Quo
250 1473 448 1520 poterunt
469 1468 618 1513 undae,
640 1481 734 1506 curn
756 1468 885 1518 pisces
905 1468 961 1505 ire
982 1466 1236 1518 nequibunt?
1315 1473 1380 1509 380

137 1532 223 1569 Aut
243 1531 369 1581 igitur
389 1534 507 1569 motu
528 1530 820 1580 priuandumst
842 1541 1013 1580 corpora
1033 1541 1233 1579 quaeque,

138 1592 223 1631 Aut
244 1605 330 1631 esse
351 1593 588 1631 admixtum
609 1592 871 1630 dicendumst
893 1591 1014 1629 rebus
1034 1591 1168 1635 inane,

138 1654 256 1692 Vnde
276 1655 428 1692 initum
449 1654 629 1704 pn'mum
650 1653 789 1703 capiat
810 1665 872 1690 res
892 1664 1079 1703 quaeque
1100 1652 1306 1689 mouendi.

23 1716 78 1767 (ii)
98 1717 150 1766 (a)
175 1716 402 1761 Postremo,
425 1716 508 1754 duo
529 1716 579 1754 de
600 1727 800 1753 concursu
821 1726 993 1764 corpora
1013 1715 1098 1751 lata

139 1778 180 1816 Si
200 1778 285 1816 cita
304 1778 522 1822 dissiliant,
544 1789 692 1827 nempe
713 1788 781 1814 aer
801 1788 922 1814 omne
943 1779 1158 1820 necessest,
1317 1780 1381 1818 385

140 1839 255 1877 Inter
274 1851 447 1890 corpora
467 1839 579 1889 quod
600 1838 687 1884 fiat,
710 1838 895 1888 possidat
915 1837 1054 1874 inane:

139 1901 180 1939 Is
200 1913 321 1952 porro
342 1901 534 1951 quamuis
555 1900 708 1938 circum
729 1899 1004 1937 celerantibus
1024 1898 1133 1936 auris

138 1962 344 2008 Confluat,
365 1963 478 2000 haud
500 1962 653 2012 poterit
674 1966 815 1998 tamen
836 1972 919 1998 uno
940 1964 1125 2009 tempore
1146 1962 1282 1997 totum

139 2024 344 2074 Compleri
363 2024 547 2074 spatium
559 2035 566 2067 余
590 2035 686 2060 nam
708 2022 887 2072 piimum
908 2032 1113 2071 quemque
1134 2023 1337 2058 necessest

139 2085 325 2136 Occupet
345 2086 411 2123 ille
431 2086 580 2129 locum,
603 2084 750 2122 deinde
771 2083 910 2121 omnia
930 2082 1230 2133 possideantur.
1317 2093 1383 2124 390

61 2147 110 2199 (b)
140 2147 297 2197 Quodsi
318 2147 424 2185 forte
445 2146 606 2196 aliquis,
628 2158 723 2183 cum
743 2156 915 2194 corpora
934 2144 1156 2189 dissiluere,

138 2209 246 2247 Tum
266 2212 391 2259 putat
410 2208 453 2246 id
474 2207 559 2245 fieri
580 2207 678 2257 quia
698 2219 746 2244 se
760 2205 1011 2244 condenseat
1031 2216 1112 2250 aer,
