1571 2476
115 191 141 231 4
452 178 529 216 DE
559 178 758 216 RERVM
788 177 1020 216 NATVRA

116 282 264 328 Sensit,
286 285 326 321 et
347 282 457 320 hunc
477 285 647 332 propter
666 280 821 318 ferrum
842 280 972 318 celare
992 279 1216 325 ministros,
1315 293 1359 321 90

115 345 380 395 Aspectuque
399 355 473 381 suo
493 343 683 381 lacrimas
703 341 914 379 effundere
934 341 1048 386 ciuis,

117 406 234 444 Muta
253 409 368 444 metu
389 408 542 443 terram
562 404 735 454 genibus
754 402 975 441 summissa
994 403 1178 452 petebat.

117 467 151 505 N
157 479 201 504 ec
221 466 392 505 miserae
412 466 604 516 prodesse
623 465 666 502 in
686 465 761 503 tali
781 468 967 514 tempore
988 464 1149 514 quibat,

117 528 237 578 Quod
257 528 393 578 patrio
414 528 603 578 princeps
623 527 800 564 donarat
821 525 986 564 nomine
1008 537 1156 575 regem.

117 589 225 628 Nam
238 589 404 627 sublata
415 589 549 627 uirum
565 588 756 626 manibus
769 587 1117 637 tremibundaque
1129 587 1182 625 ad
1197 599 1289 624 aras
1317 600 1359 630 95

117 651 362 696 Deductast‚
384 662 467 688 non
487 655 547 695 ut,
569 649 756 688 sollemni
776 661 889 687 more
910 660 1121 687 sacrorum

118 712 318 757 Perfecto,
340 715 478 763 posset
499 712 608 749 claro
629 710 819 749 comitari
840 710 1098 760 Hymenaeo,

117 773 197 812 Sed
217 778 333 812 casta
352 774 519 818 inceste,
541 773 725 811 nubendi
746 776 932 822 tempore
952 772 994 809 in
1014 772 1117 822 ipso,

118 835 268 873 Hostia
287 835 520 873 concideret
540 837 729 873 mactatu
750 839 910 872 maesta
931 833 1128 884 parentis,

117 896 267 934 Exitus
287 900 334 935 ut
355 896 473 934 classi
493 896 592 934 felix
612 896 858 946 faustusque
878 894 1072 934 daretur!
1299 908 1363 930 100

116 958 300 997 Tantum
320 958 459 1008 religio
479 957 618 1008 potuit
638 957 811 995 suadere
831 957 1036 995 malorum
1053 956 1060 995 !

168 1081 364 1120 Tutemet
385 1093 410 1118 a
429 1081 547 1118 nobis
567 1081 650 1119 iarn
672 1080 820 1131 quouis
841 1083 1039 1130 tempore,
1062 1083 1211 1118 uatum

117 1142 364 1193 Terriloquis
385 1143 520 1180 uictus
541 1142 675 1187 dictis,
697 1142 919 1180 desciscere
941 1153 1124 1192 quaeres.

117 1204 278 1254 Quippe
299 1204 452 1242 etenim
473 1216 600 1254 quam
621 1204 755 1242 multa
775 1203 851 1241 tibi
872 1203 955 1242 iam
976 1203 1127 1253 fingere
1148 1206 1323 1254 possunt

117 1266 298 1310 Somnia,
321 1277 426 1316 quae
447 1266 559 1303 uitae
581 1266 761 1303 rationes
781 1268 942 1303 uertere
961 1265 1122 1315 possint
1300 1279 1362 1309 105

118 1327 149 1365 F
151 1331 406 1377 ortunasque
427 1331 521 1365 tuas
541 1327 675 1365 omnis
697 1327 864 1365 turbare
885 1327 1033 1365 timore
1050 1327 1057 1364 l

117 1389 171 1426 Et
193 1389 358 1427 merito:
381 1401 491 1434 nam,
515 1389 548 1426 si
568 1393 724 1427 certam
746 1388 870 1427 finem
891 1401 977 1426 esse
997 1388 1188 1427 uiderent

116 1451 419 1489 Aerumnarum
439 1450 639 1496 homines,
662 1451 802 1500 aliqua
821 1450 981 1488 ratione
1004 1451 1190 1488 ualerent

118 1512 399 1562 Religionibus
420 1516 547 1562 atque
567 1512 689 1550 minis
709 1512 907 1549 obsistere
928 1516 1088 1550 uatum.

116 1573 237 1611 Nunc
257 1573 363 1611 ratio
383 1574 496 1611 nulla
516 1577 578 1611 est
599 1574 795 1619 restandi,
817 1574 931 1611 nulla
950 1573 1142 1618 facultas,
1300 1587 1364 1609 110

117 1635 318 1673 Aeternas
338 1635 536 1685 quoniam
556 1647 710 1686 poenas
730 1635 772 1673 in
794 1639 926 1673 morte
948 1635 1236 1674 timendumst.

118 1696 339 1746 Ignoratur
358 1696 468 1735 enim
489 1709 596 1747 quae
616 1697 670 1735 sit
691 1700 844 1735 natura
864 1697 1032 1742 animai,

116 1758 230 1796 Nata
249 1758 302 1796 sit
323 1770 373 1796 an
396 1762 542 1796 contra
561 1759 828 1796 nascentibus
847 1759 1093 1804 insinuetur,

117 1819 173 1858 Et
193 1820 315 1858 simul
334 1820 512 1857 intereat
533 1820 761 1865 nobiscum,
784 1824 917 1858 morte
938 1820 1159 1871 dirempta,

116 1881 182 1919 An
202 1881 393 1919 tenebras
414 1881 508 1919 Orci
528 1881 637 1919 uisat
658 1886 882 1932 uastasque
904 1883 1085 1928 lacunas,
1301 1896 1362 1926 115

116 1943 182 1981 An
202 1943 379 1993 pecudes
399 1943 499 1980 alias
519 1943 721 1981 diuinitus
740 1944 922 1982 insinuet
942 1956 998 1989 se,

117 2004 276 2042 Ennius
296 2008 343 2042 ut
364 2009 503 2042 noster
522 2005 683 2050 cecinit,
705 2005 777 2055 qui
797 2005 954 2055 primus
975 2017 1150 2044 amoeno

116 2065 278 2103 Detulit
298 2077 349 2103 ex
370 2066 566 2104 Helicone
587 2067 755 2116 perenni
776 2067 921 2104 fronde
941 2078 1150 2112 coronam,

118 2127 195 2164 Per
213 2127 347 2177 gentis
371 2127 499 2164 Italas
519 2127 737 2166 hominum
757 2140 863 2178 quae
884 2129 995 2166 clara
1015 2129 1188 2174 clueret;

117 2188 209 2226 Etsi
229 2192 442 2238 praeterea
462 2192 603 2227 tamen
624 2201 710 2226 esse
730 2190 956 2227 Acherusia
976 2190 1134 2240 templa
1301 2203 1363 2225 120
