1571 2476
171 189 223 231 26
511 186 587 225 DE
619 183 818 223 RERVM
847 182 885 220 N
889 180 1079 221 ATVRA

172 282 459 328 Constituant,
480 283 523 319 et
542 291 605 318 res
624 277 759 317 mollis
779 288 974 326 rarasque
995 274 1248 325 relinquunt,

173 345 294 390 Aera,
316 355 462 389 rorem,
483 341 633 393 ignem,
656 344 797 382 terras,
820 336 1029 382 animalia,
1053 337 1201 386 fruges,

173 406 260 445 Nec
281 410 422 444 tamen
442 402 673 443 admiscent
693 401 735 439 in
756 412 898 438 eorum
919 410 1067 448 corpus
1087 397 1210 436 inane
1218 408 1228 443 ;
1354 408 1420 441 745

97 468 153 519 (ii)
176 467 336 506 Deinde
356 465 470 517 quod
489 463 658 503 omnino
678 462 801 501 finem
822 473 906 499 non
927 472 1012 498 esse
1033 458 1220 498 secandis

175 528 425 580 Corporibus
445 526 605 565 faciunt
625 536 758 575 neque
778 535 953 574 pausam
974 527 1084 560 stare
1105 519 1268 571 fragori,

176 590 264 629 Nec
283 601 472 641 prorsum
492 587 535 626 in
555 587 676 625 rebus
696 584 915 623 minimum
936 582 1158 622 consistere
1179 581 1402 632 quicquam
1413 591 1420 625 ;

177 652 281 691 Cum
302 651 518 690 uideamus
537 649 580 688 id
599 653 833 687 extremum
854 645 1053 696 cuiusque
1073 655 1272 683 cacumen

178 713 292 759 Esse,
305 712 419 764 quod
429 712 484 751 ad
497 722 640 750 sensus
651 713 814 748 nostros
825 707 1044 746 minimum
1059 718 1146 744 esse
1158 705 1336 750 uidetur,
1359 717 1424 749 750

179 774 372 814 Conicere
391 778 440 813 ut
459 772 591 824 possis
610 784 661 810 ex
681 771 772 816 hoc,
793 782 901 821 quae
921 780 1084 807 cernere
1104 779 1187 806 non
1208 765 1313 817 quis,

179 837 428 876 Extremum
449 833 752 886 quod‘habent,
775 831 994 870 minimum
1015 830 1238 868 consistere
1259 832 1291 866 et
1311 826 1406 865 illis.

79 898 150 949 (iii)
181 898 276 937 Huc
296 896 455 936 accedit
475 896 590 942 item,
611 894 809 946 quoniam
831 891 1057 944 primordia
1076 903 1213 929 rerum

181 959 322 998 Mollia
341 958 617 1003 constituunt,
639 968 746 1007 quae
766 967 841 994 nos
860 954 1006 994 natiua
1027 953 1217 992 uidemus

182 1021 284 1061 Esse
303 1024 346 1061 et
365 1019 531 1059 mortali
552 1031 646 1058 cum
667 1029 835 1068 corpore
856 1016 1058 1061 funditus,
1082 1013 1203 1065 utqui
1362 1026 1427 1057 755

182 1083 346 1122 Debeat
365 1082 420 1121 ad
439 1082 569 1120 nilum
589 1080 673 1119 iam
694 1091 829 1118 rerum
849 1090 1014 1117 summa
1034 1075 1185 1115 reuerti

183 1144 246 1184 De
265 1144 432 1195 niloque
452 1147 598 1182 renata
618 1141 822 1192 uigescere
842 1139 961 1191 copia
981 1150 1136 1178 rerum:

185 1206 371 1257 Quorum
391 1211 616 1255 utrumque
636 1203 737 1254 quid
757 1215 781 1242 a
801 1215 899 1241 uero
919 1201 1002 1240 iam
1023 1201 1150 1240 distet
1171 1197 1356 1238 habebis.

84 1269 154 1319 (iv)
186 1268 347 1307 Deinde
365 1267 533 1306 inimica
552 1265 686 1304 modis
706 1264 848 1303 multis
868 1268 966 1302 sunt
987 1269 1114 1313 atque
1134 1273 1294 1300 ueneno

187 1329 285 1381 Ipsa
304 1328 382 1368 sibi
401 1329 510 1367 inter
528 1339 589 1374 se;
611 1339 739 1378 quare
759 1330 834 1365 aut
854 1337 1070 1376 congressa
1090 1323 1299 1375 peribunt,
1366 1327 1432 1366 760

185 1391 272 1431 Aut
292 1391 353 1430 ita
372 1389 591 1441 diffugient
612 1394 672 1435 ut,
695 1393 945 1438 tempestate
966 1391 1124 1431 coacta,

187 1452 380 1492 Fulmina
402 1452 600 1502 diffugere
622 1455 750 1501 atque
771 1449 914 1488 imbris
938 1455 1168 1498 uentosque
1191 1446 1391 1485 uidemus.

115 1577 156 1628 (i)
241 1576 443 1627 Denique,
465 1578 668 1626 quattuor
687 1586 738 1613 ex
758 1574 880 1612 rebus
899 1572 933 1611 si
953 1577 1105 1611 cuncta
1125 1574 1319 1609 creantur

188 1637 328 1690 Atque
348 1638 389 1676 in
410 1650 478 1676 eas
499 1649 661 1675 rursum
682 1648 744 1674 res
764 1634 904 1674 omnia
925 1634 1222 1678 dissoluuntur,

191 1699 271 1750 Qui
290 1699 421 1750 magis
441 1699 510 1737 illa
530 1703 690 1749 queunt
711 1710 847 1736 rerum
868 1695 1094 1748 primordia
1115 1694 1195 1733 dici
1370 1699 1436 1738 765

191 1762 326 1812 Quam
347 1765 493 1800 contra
513 1773 575 1799 res
595 1760 771 1806 illorum,
793 1764 986 1808 retroque
1007 1757 1168 1808 putari?

191 1822 372 1863 Alternis
391 1822 618 1874 gignuntur
637 1821 760 1867 enim,
782 1825 1034 1870 mutantque
1055 1819 1232 1857 colorem

192 1885 249 1925 Et
268 1889 404 1924 totam
424 1883 533 1923 inter
551 1896 593 1922 se
614 1888 808 1922 naturam
832 1888 1017 1932 tempore
1037 1881 1090 1919 ab
1111 1879 1236 1919 omni.

107 1947 162 1998 (ii)
194 1946 265 1986 Sin
285 1945 346 1985 ita
366 1945 473 1985 forte
493 1951 618 1997 putas
638 1945 742 1996 ignis
763 1950 979 1994 terraeque
1000 1942 1107 1981 coire
1374 1952 1440 1985 770

193 2007 350 2059 Corpus
370 2011 412 2047 et
432 2007 563 2046 aerias
582 2019 704 2045 auras
725 2018 940 2056 roremque
962 2003 1145 2056 liquoris,

192 2069 263 2109 Nil
282 2069 325 2108 in
344 2068 515 2108 concilio
536 2074 731 2107 naturam
753 2073 800 2107 ut
820 2073 957 2106 mutet
977 2078 1133 2113 eorum,

341 2175 407 2208 744
420 2176 536 2198 rorem
551 2165 676 2202 Christ,
693 2166 804 2197 solem
818 2165 887 2205 OQ.

342 2221 362 2254 7
365 2221 407 2254 52
422 2215 459 2245 et
472 2213 640 2254 Postgate,
655 2212 774 2244 inillis
787 2210 966 2253 suppleuit
983 2211 1028 2241 M
1031 2220 1128 2242 unro.
