1571 2476
536 188 710 227 LIBER
739 187 948 227 PRIMVS
1312 197 1361 236 35

118 293 311 346 Simplice
331 297 483 332 natura
503 296 648 343 pateat
669 296 811 330 tamen
830 291 1164 330 immoderatum.

309 355 329 378 *
522 354 542 377 ³1<
735 354 755 376 *
947 353 967 375 *

124 417 211 456 Nec
231 429 343 455 mare
364 428 438 454 nec
460 415 580 453 tellus
600 427 734 464 neque
754 414 854 452 caeli
875 413 1011 451 lucida
1032 414 1188 462 templa

122 479 209 518 Nec
229 478 403 516 mortale
424 489 552 527 genus
572 489 646 514 nec
667 476 810 514 diuum
831 487 1003 525 corpora
1022 479 1168 512 sancta
1280 487 1365 517 1015

122 540 331 590 Exiguum
352 542 519 589 possent
542 537 657 575 horai
678 537 820 575 sistere
842 540 1017 586 tempus.

122 602 245 647 Nam,
267 600 451 651 dispulsa
470 612 545 638 suo
565 599 616 637 de
636 603 770 644 coetu,
792 597 981 636 materiai

123 663 252 714 Copia
274 662 447 700 [erretur
466 673 663 710 magnum
685 672 757 710 per
776 659 897 697 inane
918 659 1067 703 soluta,

124 725 219 764 Siue
239 725 343 763 adeo
364 723 503 774 potius
524 734 753 771 numquam
775 725 967 759 concreta
987 723 1164 757 creasset

124 788 158 826 V
163 788 259 825 llam
282 798 380 831 rem,
402 784 600 835 quoniam
621 782 709 832 cogi
731 782 902 820 disiecta
922 781 1142 831 nequisset.
1283 793 1369 814 1020

127 849 236 887 Nam
257 851 367 886 certe
388 858 522 896 neque
543 844 711 883 consilio
732 842 955 894 primordia
976 855 1110 880 rerum

127 910 282 949 Ordine
302 921 344 947 se
365 920 439 946 suo
460 919 650 957 quaeque
670 905 805 955 sagaci
826 908 965 942 mente
985 904 1186 948 locarunt,

128 972 215 1011 Nec
235 983 340 1022 quos
360 981 550 1020 quaeque
570 968 717 1006 darent
738 970 877 1004 motus
897 965 1086 1016 pepigere
1106 964 1310 1014 profecto;

128 1033 222 1079 Sed,
243 1032 344 1084 quia
363 1031 498 1070 multa
517 1029 651 1068 modis
672 1028 814 1066 multis
835 1031 1001 1065 mutata
1020 1038 1092 1077 per
1111 1038 1231 1063 omne

129 1095 194 1134 Ex
214 1093 378 1133 infinito
399 1095 608 1131 uexantur
627 1090 784 1141 percita
804 1088 947 1139 plagis,
1285 1099 1370 1128 1025

128 1158 262 1197 Omne
283 1167 411 1206 genus
431 1158 571 1192 motus
592 1157 633 1191 et
653 1156 795 1190 coetus
816 1149 1070 1200 experiundo

129 1218 315 1257 Tandem
337 1215 566 1256 deueniunt
587 1214 629 1252 in
650 1213 744 1252 talis
765 1211 1049 1262 disposituras,

130 1280 332 1331 Qualibus
352 1279 454 1317 haec
474 1289 610 1315 rerum
632 1274 821 1313 consistit
841 1285 1005 1312 summa
1025 1275 1181 1316 creata;

132 1343 188 1381 Et
208 1342 363 1380 multos
384 1340 511 1378 etiam
532 1349 705 1387 magnos
725 1339 891 1374 seruata
912 1346 983 1385 per
1002 1346 1144 1378 annos,

132 1405 189 1443 Vt
207 1403 335 1443 semel
355 1402 397 1440 in
418 1405 558 1439 motus
578 1398 806 1437 coniectast
827 1395 1121 1440 conuenientis‚
1291 1406 1377 1436 1030

132 1465 272 1504 Efficit
292 1468 339 1503 ut
359 1463 482 1513 largis
503 1461 673 1500 auidum
695 1472 807 1498 mare
828 1457 1007 1496 fluminis
1029 1456 1148 1494 undis

134 1528 348 1578 Integrent
368 1536 523 1569 amnes,
546 1527 587 1561 et
607 1522 703 1561 solis
724 1526 833 1560 terra
854 1531 1006 1569 uapore

133 1589 240 1628 Fota
259 1591 387 1627 nouet
408 1587 530 1631 fetus,
551 1583 852 1632 summissaque
873 1593 970 1631 gens
991 1580 1251 1617 animantum

134 1651 314 1695 Floreat,
336 1653 378 1688 et
399 1648 548 1687 uiuant
568 1646 756 1684 labentes
776 1643 953 1682 aetheris
973 1642 1096 1691 ignes.

137 1712 259 1763 Quod
279 1711 393 1750 nullo
414 1710 597 1748 facerent
618 1711 755 1758 pacto,
778 1705 853 1743 nisi
875 1702 1062 1742 materiai
1294 1713 1378 1744 1035

136 1775 202 1813 Ex
221 1772 385 1812 infinito
405 1769 580 1810 suboriri
601 1768 721 1819 copia
741 1771 891 1818 posset,

135 1836 254 1875 Vnde
275 1834 426 1873 amissa
446 1833 581 1871 solent
601 1841 790 1881 reparare
810 1828 852 1867 in
873 1832 1058 1877 tempore
1077 1836 1275 1875 quaeque.

136 1897 246 1937 Nam
267 1895 397 1935 ueluti
418 1894 585 1946 priuata
605 1892 697 1931 cibo
719 1895 870 1929 natura
890 1888 1151 1927 animantum

137 1958 313 2004 Diffluit,
335 1957 535 1996 amittens
555 1966 717 2004 corpus,
739 1952 796 1990 sie
816 1950 955 1989 omnia
975 1949 1129 1987 debent

138 2019 331 2066 Dissolui,
352 2018 476 2058 simul
495 2029 544 2056 ac
563 2014 716 2055 defecit
735 2012 1002 2064 suppeditare
1297 2020 1383 2051 1040

139 2082 344 2127 Materies,
366 2080 506 2130 aliqua
527 2077 687 2116 ratione
708 2087 853 2114 auersa
874 2073 967 2112 uiai.

138 2145 226 2184 Nee
244 2144 391 2195 plagae
411 2143 587 2193 possunt
607 2137 862 2177 extrinsecus
883 2134 1066 2183 undique
1086 2143 1291 2171 summam

289 2224 372 2255 Post
394 2231 479 2262 1013
497 2221 660 2252 lacunam
677 2227 748 2249 esse
763 2216 925 2258 probauit
942 2214 1099 2254 Illadvig.

1223 2287 1302 2315 3—²
