1571 2476
587 226 762 266 LIBER
789 226 999 267 PR1Mvs
1364 240 1413 281 27

170 332 296 371 Nulla
316 330 392 371 tibi
413 344 463 370 ex
483 331 561 370 illis
581 331 736 382 poterit
757 344 818 371 res
839 345 924 371 esse
944 338 1095 379 creata,

169 394 264 433 Non
285 393 486 439 animans,
509 406 591 432 non
612 393 804 432 exanimo
824 406 917 432 cum
939 406 1119 444 corpore,
1141 398 1189 434 ut
1209 396 1342 435 arbor.

170 455 332 506 Quippe
353 467 470 493 suam
492 455 674 505 quidque
695 455 736 493 in
757 461 878 494 coetu
899 456 1098 494 uariantis
1118 456 1254 495 acerui
1346 471 1410 503 775

169 517 375 556 Naturam
396 517 601 562 ostendet,
624 516 863 567 mixtusque
883 517 1093 556 uidebitur
1112 529 1181 556 aer

168 579 271 618 Cum
294 584 403 617 terra
423 577 544 616 simul
565 583 692 628 atque
712 579 834 616 ardor
853 591 946 616 cum
969 591 1056 617 rore
1077 591 1254 620 manere.

168 641 225 680 At
245 640 470 691 primordia
490 639 710 689 gignundis
729 639 771 678 in
792 640 912 678 rebus
933 644 1098 690 oportet

168 702 375 741 Naturam
396 701 696 740 clandestinam
717 714 964 751 caecamque
985 702 1192 748 adhibere,

167 764 362 803 Emineat
383 763 549 814 nequid,
572 763 684 813 quod
704 768 848 801 contra
868 768 1023 813 pugnet
1044 768 1086 802 et
1105 763 1244 803 obstet
1343 770 1408 810 780

167 826 397 877 Quominus
417 837 503 863 esse
523 830 649 875 queat
670 824 832 875 proprie
853 825 1144 875 quodcumque
1164 829 1337 865 creatur.

220 949 329 1001 Quin
350 948 476 988 etiam
499 952 693 999 repetunt
713 959 738 986 a
757 947 870 986 caelo
890 952 1016 997 atque
1036 947 1198 998 ignibus
1218 947 1315 994 eius,

167 1012 223 1051 Et
243 1011 422 1062 primum
446 1010 603 1048 faciunt
625 1010 760 1060 ignem
781 1021 823 1047 se
843 1015 1002 1047 uertere
1022 1009 1061 1047 in
1084 1021 1204 1047 auras

166 1073 294 1120 Aeris,
317 1073 412 1111 hinc
432 1072 605 1110 imbrem
627 1071 749 1122 gigni,
774 1076 1008 1120 terramque
1028 1070 1155 1109 creari

166 1135 231 1174 Ex
251 1134 386 1180 imbri,
409 1139 601 1184 retroque
621 1145 645 1171 a
667 1138 775 1171 terra
796 1138 946 1170 cuncta
967 1131 1170 1170 reuerti—
1340 1139 1405 1178 785

165 1198 360 1236 Vmorem
381 1196 574 1247 primum,
597 1199 691 1245 post
713 1206 820 1240 aera,
842 1194 989 1232 deinde
1010 1194 1206 1240 calorem:

165 1259 252 1298 Nec
271 1270 428 1297 cessare
449 1258 550 1296 haec
570 1256 678 1295 inter
697 1269 739 1294 se
760 1261 935 1300 mutare,
958 1268 1093 1293 meare

165 1321 201 1360 A
221 1321 333 1360 caelo
354 1320 408 1359 ad
429 1324 594 1365 terram,
617 1319 667 1357 de
689 1323 797 1356 terra
817 1317 870 1356 ad
890 1318 1023 1355 sidera
1043 1315 1198 1355 mundi.

165 1382 287 1433 Quod
307 1382 439 1420 facere
459 1381 573 1420 haud
595 1381 676 1418 ullo
697 1380 850 1418 debent
871 1378 1095 1429 primordia
1115 1382 1250 1429 pacto.

165 1443 434 1483 Immutabile
454 1442 562 1482 enim
584 1442 784 1493 quiddam
805 1453 997 1491 superare
1018 1444 1233 1486 necessest,
1342 1454 1406 1485 790

164 1506 226 1545 Ne
247 1519 309 1544 res
329 1506 383 1544 ad
404 1505 532 1544 nilum
555 1504 794 1554 redigantur
815 1502 1002 1541 funditus
1023 1513 1176 1540 omnes.

164 1568 287 1615 Nam,
309 1568 602 1618 quodcumque
622 1565 706 1604 suis
727 1570 936 1603 mutatum
960 1563 1108 1602 finibus
1128 1562 1226 1609 exit,

164 1630 371 1669 Continuo
392 1630 469 1668 hoc
490 1641 600 1667 mors
620 1633 682 1666 est
703 1626 810 1665 illius
830 1626 941 1677 quod
964 1625 1041 1664 fuit
1062 1630 1171 1664 ante.

165 1692 441 1743 Quapropter,
463 1690 660 1741 quoniam
682 1701 788 1739 quae
809 1688 932 1739 paulo
953 1686 1132 1726 diximus
1152 1690 1249 1725 ante

166 1753 216 1793 In
236 1757 543 1792 commutatum
564 1751 752 1797 ueniunt,
773 1755 962 1789 constare
983 1752 1186 1787 necessest
1340 1761 1405 1792 795

164 1815 230 1854 Ex
250 1815 339 1854 aliis
359 1827 420 1861 ea,
442 1827 549 1865 quae
569 1817 778 1864 nequeant
799 1810 1030 1850 conuertier
1050 1822 1239 1860 usquam,

164 1877 228 1916 Ne
249 1877 325 1916 tibi
347 1889 409 1915 res
430 1876 600 1915 redeant
621 1875 674 1913 ad
696 1874 823 1913 nilum
846 1872 1034 1911 funditus
1054 1868 1207 1910 omnes.

165 1938 274 1990 Quin
295 1938 448 1990 potius,
473 1937 545 1977 tali
567 1941 718 1976 natura
738 1934 940 1986 praedita,
961 1933 1166 1984 quaedam

165 2001 346 2052 Corpora
366 1999 610 2045 constituas,
632 1998 767 2049 ignem
789 1997 821 2035 si
844 1997 948 2035 forte
969 1995 1158 2039 crearint,

166 2063 290 2101 Posse
311 2062 468 2108 eadem,
491 2060 672 2111 demptis
693 2058 834 2110 paucis
855 2057 1078 2109 paucisque
1100 2054 1279 2101 tributis,
1343 2060 1410 2090 800

165 2124 320 2164 Ordine
340 2129 507 2162 mutato
528 2129 568 2161 et
590 2127 721 2167 motu,
746 2121 877 2159 facere
897 2119 1001 2158 aeris
1021 2130 1156 2165 auras,

165 2185 231 2226 Sic
251 2186 352 2225 alias
371 2185 461 2224 aliis
482 2185 604 2224 rebus
623 2182 824 2222 mutarier
842 2179 999 2222 omnis?
